timestamp,encoder_left,encoder_right
1752174284.643577,0.0,0.0
1752174284.648025,0.0,0.0
1752174284.654339,0.0,0.0
1752174284.674573,0.0,0.0
1752174284.6936316,0.0,0.0
1752174284.711162,0.0,0.0
1752174284.732989,0.0,0.0
1752174284.7530086,0.0,0.0
1752174284.7737777,0.0,0.0
1752174284.7946224,0.0,0.0
1752174284.81277,0.0,0.0
1752174284.8338363,0.0,0.0
1752174284.8515499,0.0,0.0
1752174284.8737924,0.0,0.0
1752174284.891659,0.0,0.0
1752174284.9127686,0.0,0.0
1752174284.9313204,0.0,0.0
1752174284.9548194,0.0,0.0
1752174284.9717803,0.0,0.0
1752174284.991993,0.0,0.0
1752174285.0130303,0.0,0.0
1752174285.033708,0.0,0.0
1752174285.0536947,0.0,0.0
1752174285.0737705,0.0,0.0
1752174285.095576,0.0,0.0
1752174285.1115863,0.0,0.0
1752174285.1312964,0.0,0.0
1752174285.1510608,0.0,0.0
1752174285.1717963,0.0,0.0
1752174285.1919775,0.0,0.0
1752174285.211432,0.0,0.0
1752174285.232188,0.0,0.0
1752174285.2548027,0.0,0.0
1752174285.2739804,0.0,0.0
1752174285.291348,0.0,0.0
1752174285.3119967,0.0,0.0
1752174285.3347576,0.0,0.0
1752174285.3528502,0.0,0.0
1752174285.3735,0.0,0.0
1752174285.3916914,0.0,0.0
1752174285.4120398,0.0,0.0
1752174285.4345403,0.0,0.0
1752174285.4535506,0.0,0.0
1752174285.4742105,0.0,0.0
1752174285.4917014,0.0,0.0
1752174285.5119545,0.0,0.0
1752174285.5345228,0.0,0.0
1752174285.5535016,0.0,0.0
1752174285.5743773,0.0,0.0
1752174285.5938213,0.0,0.0
1752174285.6109476,0.0,0.0
1752174285.6328557,0.0,0.0
1752174285.653861,0.0,0.0
1752174285.6736035,0.0,0.0
1752174285.694193,0.0,0.0
1752174285.7109423,0.0,0.0
1752174285.733018,0.0,0.0
1752174285.754247,0.0,0.0
1752174285.7730656,0.0,0.0
1752174285.7941558,0.0,0.0
1752174285.8109035,0.0,0.0
1752174285.8328328,0.0,0.0
1752174285.853744,0.0,0.0
1752174285.8738635,0.0,0.0
1752174285.8916106,0.0,0.0
1752174285.9119751,0.0,0.0
1752174285.9346085,0.0,0.0
1752174285.9530075,0.0,0.0
1752174285.9722695,0.0,0.0
1752174285.9923308,0.0,0.0
1752174286.0128794,0.0,0.0
1752174286.0336337,0.0,0.0
1752174286.0535245,0.0,0.0
1752174286.0746305,0.0,0.0
1752174286.0934358,0.0,0.0
1752174286.110946,0.0,0.0
1752174286.132839,0.0,0.0
1752174286.1535408,0.0,0.0
1752174286.1736426,0.0,0.0
1752174286.1941864,0.0,0.0
1752174286.2108424,0.0,0.0
1752174286.232754,0.0,0.0
1752174286.2534518,0.0,0.0
1752174286.2734525,0.0,0.0
1752174286.294128,0.0,0.0
1752174286.3108923,0.0,0.0
1752174286.3328185,0.0,0.0
1752174286.353747,0.0,0.0
1752174286.37358,0.0,0.0
1752174286.394293,0.0,0.0
1752174286.411212,0.0,0.0
1752174286.4327822,0.0,0.0
1752174286.4534736,0.0,0.0
1752174286.4734242,0.0,0.0
1752174286.4941523,0.0,0.0
1752174286.5108736,0.0,0.0
1752174286.5317903,0.0,0.0
1752174286.5545042,0.0,0.0
1752174286.5735934,0.0,0.0
1752174286.5950751,0.0,0.0
1752174286.6112187,0.0,0.0
1752174286.6328938,0.0,0.0
1752174286.652857,0.0,0.0
1752174286.6743245,0.0,0.0
1752174286.6941624,0.0,0.0
1752174286.7109096,0.0,0.0
1752174286.7328002,0.0,0.0
1752174286.7534623,0.0,0.0
1752174286.7736316,0.0,0.0
1752174286.794303,0.0,0.0
1752174286.8109128,0.0,0.0
1752174286.8328166,0.0,0.0
1752174286.8539019,0.0,0.0
1752174286.875036,0.0,0.0
1752174286.891999,0.0,0.0
1752174286.913206,0.0,0.0
1752174286.9312973,0.0,0.0
1752174286.9512076,0.0,0.0
1752174286.9722962,0.0,0.0
1752174286.9919379,0.0,0.0
1752174287.0110822,0.0,0.0
1752174287.0317209,0.0,0.0
1752174287.052158,0.0,0.0
1752174287.071495,0.0,0.0
1752174287.0911884,0.0,0.0
1752174287.1117935,0.0,0.0
1752174287.1319113,0.0,0.0
1752174287.1530964,0.0,0.0
1752174287.1718705,0.0,0.0
1752174287.19181,0.0,0.0
1752174287.2123787,0.0,0.0
1752174287.23459,0.0,0.0
1752174287.2534819,0.0,0.0
1752174287.2740915,0.0,0.0
1752174287.291297,0.0,0.0
1752174287.3119514,0.0,0.0
1752174287.3345487,0.0,0.0
1752174287.352882,0.0,0.0
1752174287.3736973,0.0,0.0
1752174287.3916056,0.0,0.0
1752174287.4116945,0.0,0.0
1752174287.4349232,0.0,0.0
1752174287.4530177,0.0,0.0
1752174287.4720197,0.0,0.0
1752174287.492592,0.0,0.0
1752174287.5125048,0.0,0.0
1752174287.5344005,0.0,0.0
1752174287.5531576,0.0,0.0
1752174287.5738666,0.0,0.0
1752174287.5913198,0.0,0.0
1752174287.612109,0.0,0.0
1752174287.634718,0.0,0.0
1752174287.652896,0.0,0.0
1752174287.6718845,0.0,0.0
1752174287.6945152,0.0,0.0
1752174287.7123392,0.0,0.0
1752174287.7322755,0.0,0.0
1752174287.7545016,0.0,0.0
1752174287.7729635,0.0,0.0
1752174287.7941294,0.0,0.0
1752174287.8109453,0.0,0.0
1752174287.8329043,0.0,0.0
1752174287.853749,0.0,0.0
1752174287.873721,0.0,0.0
1752174287.8950336,0.0,0.0
1752174287.911476,0.0,0.0
1752174287.932919,0.0,0.0
1752174287.953484,0.0,0.0
1752174287.973772,0.0,0.0
1752174287.9952123,0.0,0.0
1752174288.0112927,0.0,0.0
1752174288.0328345,0.0,0.0
1752174288.053456,0.0,0.0
1752174288.0735593,0.0,0.0
1752174288.0936244,0.0,0.0
1752174288.1116576,0.0,0.0
1752174288.1321206,0.0,0.0
1752174288.153833,0.0,0.0
1752174288.1736622,0.0,0.0
1752174288.195187,0.0,0.0
1752174288.2112558,0.0,0.0
1752174288.232789,0.0,0.0
1752174288.2535117,0.0,0.0
1752174288.2735043,0.0,0.0
1752174288.2951562,0.0,0.0
1752174288.311218,0.0,0.0
1752174288.332998,0.0,0.0
1752174288.3536565,0.0,0.0
1752174288.3736181,0.0,0.0
1752174288.394794,0.0,0.0
1752174288.4124167,0.0,0.0
1752174288.431798,0.0,0.0
1752174288.4527533,0.0,0.0
1752174288.474408,0.0,0.0
1752174288.4935925,0.0,0.0
1752174288.5118248,0.0,0.0
1752174288.5323079,0.0,0.0
1752174288.5545356,0.0,0.0
1752174288.5729666,0.0,0.0
1752174288.59423,0.0,0.0
1752174288.612037,0.0,0.0
1752174288.6324904,0.0,0.0
1752174288.6526115,0.0,0.0
1752174288.6723847,0.0,0.0
1752174288.6945329,0.0,0.0
1752174288.7123125,0.0,0.0
1752174288.732288,0.0,0.0
1752174288.7544706,0.0,0.0
1752174288.7735868,0.0,0.0
1752174288.7951565,0.0,0.0
1752174288.8110843,0.0,0.0
1752174288.8327868,0.0,0.0
1752174288.8536818,0.0,0.0
1752174288.8745158,0.0,0.0
1752174288.8917263,0.0,0.0
1752174288.911859,0.0,0.0
1752174288.9309406,0.0,0.0
1752174288.9514976,0.0,0.0
1752174288.972058,0.0,0.0
1752174288.9920416,0.0,0.0
1752174289.0123174,0.0,0.0
1752174289.0315845,0.0,0.0
1752174289.0521617,0.0,0.0
1752174289.0714798,0.0,0.0
1752174289.0913026,0.0,0.0
1752174289.1117666,0.0,0.0
1752174289.131887,0.0,0.0
1752174289.1547868,0.0,0.0
1752174289.1732945,0.0,0.0
1752174289.191762,0.0,0.0
1752174289.2119875,0.0,0.0
1752174289.2346404,0.0,0.0
1752174289.2527976,0.0,0.0
1752174289.2722707,0.0,0.0
1752174289.2944822,0.0,0.0
1752174289.312337,0.0,0.0
1752174289.3344102,0.0,0.0
1752174289.352749,0.0,0.0
1752174289.3713956,0.0,0.0
1752174289.3912427,0.0,0.0
1752174289.4111292,0.0,0.0
1752174289.4323196,0.0,0.0
1752174289.4513285,0.0,0.0
1752174289.4713113,0.0,0.0
1752174289.4912508,0.0,0.0
1752174289.5113552,0.0,0.0
1752174289.5313947,0.0,0.0
1752174289.5512748,0.0,0.0
1752174289.571281,0.0,0.0
1752174289.5912697,0.0,0.0
1752174289.6121757,0.0,0.0
1752174289.631235,0.0,0.0
1752174289.65123,0.0,0.0
1752174289.6714025,0.0,0.0
1752174289.6911836,0.0,0.0
1752174289.7112968,0.0,0.0
1752174289.731193,0.0,0.0
1752174289.7511966,0.0,0.0
1752174289.771295,0.0,0.0
1752174289.7911196,0.0,0.0
1752174289.8111527,0.0,0.0
1752174289.8311067,0.0,0.0
1752174289.8510454,0.0,0.0
1752174289.871086,0.0,0.0
1752174289.8911276,0.0,0.0
1752174289.9111605,0.0,0.0
1752174289.9311092,0.0,0.0
1752174289.9513342,0.0,0.0
1752174289.9710145,0.0,0.0
1752174289.9911697,0.0,0.0
1752174290.0119507,0.0,0.0
1752174290.0312166,0.0,0.0
1752174290.0512986,0.0,0.0
1752174290.071203,0.0,0.0
1752174290.0912337,0.0,0.0
1752174290.1113293,0.0,0.0
1752174290.1319091,0.0,0.0
1752174290.1513317,0.0,0.0
1752174290.1712108,0.0,0.0
1752174290.1912253,0.0,0.0
1752174290.2112877,0.0,0.0
1752174290.2312229,0.0,0.0
1752174290.2512648,0.0,0.0
1752174290.2712748,0.0,0.0
1752174290.2912545,0.0,0.0
1752174290.3111908,0.0,0.0
1752174290.3311336,0.0,0.0
1752174290.3518271,0.0,0.0
1752174290.3714337,0.0,0.0
1752174290.3911629,0.0,0.0
1752174290.4111695,0.0,0.0
1752174290.4313045,0.0,0.0
1752174290.4513173,0.0,0.0
1752174290.471228,0.0,0.0
1752174290.4914322,0.0,0.0
1752174290.5112574,0.0,0.0
1752174290.531352,0.0,0.0
1752174290.5513444,0.0,0.0
1752174290.5717247,0.0,0.0
1752174290.5912638,0.0,0.0
1752174290.6112766,0.0,0.0
1752174290.6317506,0.0,0.0
1752174290.651365,0.0,0.0
1752174290.6719384,0.0,0.0
1752174290.6912255,0.0,0.0
1752174290.7112775,0.0,0.0
1752174290.731313,0.0,0.0
1752174290.7514167,0.0,0.0
1752174290.7712448,0.0,0.0
1752174290.7916486,0.0,0.0
1752174290.810934,0.0,0.0
1752174290.8358724,0.0,0.0
1752174290.8529212,0.0,0.0
1752174290.87542,0.0,0.0
1752174290.8915539,0.0,0.0
1752174290.911845,0.0,0.0
1752174290.931,0.0,0.0
1752174290.9518852,0.0,0.0
1752174290.9716885,0.0,0.0
1752174290.9914663,0.0,0.0
1752174291.011737,0.0,0.0
1752174291.0314188,0.0,0.0
1752174291.0519092,0.0,0.0
1752174291.071173,0.0,0.0
1752174291.0916922,1.0,0.0
1752174291.11153,1.0,0.0
1752174291.1318662,2.0,0.0
1752174291.15257,2.0,0.0
1752174291.172984,3.0,0.0
1752174291.1935806,4.0,0.0
1752174291.212884,4.0,0.0
1752174291.2354708,5.0,0.0
1752174291.2537796,6.0,0.0
1752174291.2749472,7.0,1.0
1752174291.2937715,7.0,1.0
1752174291.3109426,8.0,1.0
1752174291.3330586,9.0,1.0
1752174291.3535025,9.0,1.0
1752174291.3736572,10.0,1.0
1752174291.395324,11.0,2.0
1752174291.4112408,11.0,2.0
1752174291.4337404,12.0,2.0
1752174291.4536057,13.0,2.0
1752174291.4750822,13.0,2.0
1752174291.491995,14.0,2.0
1752174291.5119698,15.0,3.0
1752174291.5342758,15.0,3.0
1752174291.5516,16.0,3.0
1752174291.5744348,17.0,3.0
1752174291.592507,17.0,4.0
1752174291.6119719,18.0,4.0
1752174291.634082,18.0,4.0
1752174291.6520448,19.0,4.0
1752174291.6728919,20.0,5.0
1752174291.6921306,20.0,5.0
1752174291.7124352,21.0,5.0
1752174291.734662,21.0,5.0
1752174291.7535892,22.0,6.0
1752174291.7758932,23.0,6.0
1752174291.7931511,23.0,6.0
1752174291.8113725,24.0,6.0
1752174291.8329048,25.0,7.0
1752174291.8538108,26.0,7.0
1752174291.8736274,26.0,7.0
1752174291.895429,27.0,8.0
1752174291.9110441,28.0,8.0
1752174291.933679,29.0,8.0
1752174291.953648,30.0,8.0
1752174291.9752898,31.0,9.0
1752174291.991706,32.0,9.0
1752174292.0119967,33.0,9.0
1752174292.0347462,34.0,10.0
1752174292.0537493,34.0,10.0
1752174292.0745418,35.0,10.0
1752174292.0938385,36.0,10.0
1752174292.1110513,37.0,11.0
1752174292.1330545,38.0,11.0
1752174292.1539211,39.0,11.0
1752174292.1740265,40.0,11.0
1752174292.1947577,41.0,12.0
1752174292.2120173,42.0,12.0
1752174292.2325819,42.0,12.0
1752174292.2548623,43.0,13.0
1752174292.2730217,44.0,13.0
1752174292.2943566,44.0,13.0
1752174292.3110087,45.0,13.0
1752174292.3339295,46.0,14.0
1752174292.353764,46.0,14.0
1752174292.3745546,47.0,15.0
1752174292.3912632,47.0,15.0
1752174292.4120793,47.0,15.0
1752174292.4349852,48.0,16.0
1752174292.4530706,48.0,16.0
1752174292.474204,49.0,17.0
1752174292.491606,49.0,17.0
1752174292.5125456,50.0,18.0
1752174292.5348363,50.0,18.0
1752174292.55304,51.0,19.0
1752174292.5730987,51.0,19.0
1752174292.5923033,52.0,20.0
1752174292.6118057,52.0,20.0
1752174292.6341333,53.0,21.0
1752174292.651433,53.0,21.0
1752174292.6737907,54.0,22.0
1752174292.6937914,54.0,22.0
1752174292.711811,55.0,23.0
1752174292.7330563,55.0,23.0
1752174292.7538857,56.0,24.0
1752174292.7738438,57.0,24.0
1752174292.7953136,57.0,25.0
1752174292.8112903,58.0,25.0
1752174292.8330655,58.0,26.0
1752174292.8540423,59.0,27.0
1752174292.874682,59.0,27.0
1752174292.8922918,60.0,28.0
1752174292.9117625,61.0,28.0
1752174292.9316092,61.0,29.0
1752174292.9515514,62.0,29.0
1752174292.9722738,62.0,30.0
1752174292.992189,63.0,31.0
1752174293.0125012,63.0,31.0
1752174293.0331104,64.0,32.0
1752174293.0522296,65.0,32.0
1752174293.0721915,65.0,33.0
1752174293.0916948,66.0,33.0
1752174293.1112394,66.0,34.0
1752174293.1321838,67.0,35.0
1752174293.1520038,68.0,35.0
1752174293.1729941,68.0,36.0
1752174293.1920953,69.0,36.0
1752174293.2136676,70.0,37.0
1752174293.2338324,70.0,38.0
1752174293.255307,71.0,38.0
1752174293.271506,72.0,39.0
1752174293.293107,72.0,39.0
1752174293.313264,73.0,40.0
1752174293.3350508,74.0,41.0
1752174293.3542144,74.0,41.0
1752174293.372209,75.0,42.0
1752174293.393619,76.0,43.0
1752174293.4114926,76.0,43.0
1752174293.4350438,77.0,44.0
1752174293.4532137,78.0,45.0
1752174293.4732132,78.0,45.0
1752174293.4955976,79.0,46.0
1752174293.5122073,80.0,47.0
1752174293.532814,80.0,47.0
1752174293.5541315,81.0,48.0
1752174293.5740921,82.0,49.0
1752174293.595333,82.0,49.0
1752174293.6116002,83.0,50.0
1752174293.6333303,84.0,51.0
1752174293.6540015,85.0,51.0
1752174293.6754084,85.0,52.0
1752174293.6917253,86.0,53.0
1752174293.712449,87.0,53.0
1752174293.7350368,88.0,54.0
1752174293.7532558,88.0,55.0
1752174293.7725458,89.0,56.0
1752174293.7927794,90.0,56.0
1752174293.8133767,90.0,57.0
1752174293.8341687,91.0,58.0
1752174293.8541095,92.0,58.0
1752174293.8740172,93.0,59.0
1752174293.8921456,93.0,60.0
1752174293.9131575,94.0,60.0
1752174293.9317212,95.0,61.0
1752174293.9547195,95.0,62.0
1752174293.973319,96.0,63.0
1752174293.9945884,97.0,63.0
1752174294.0111742,98.0,64.0
1752174294.0339622,99.0,65.0
1752174294.053121,99.0,66.0
1752174294.0741646,100.0,67.0
1752174294.093476,101.0,68.0
1752174294.1132782,102.0,68.0
1752174294.1350942,102.0,69.0
1752174294.153881,103.0,70.0
1752174294.171837,104.0,71.0
1752174294.1942477,104.0,72.0
1752174294.2126393,105.0,72.0
1752174294.2346792,106.0,73.0
1752174294.2513237,107.0,74.0
1752174294.2731194,107.0,74.0
1752174294.2938712,108.0,75.0
1752174294.3131835,109.0,76.0
1752174294.3344572,109.0,76.0
1752174294.351631,110.0,77.0
1752174294.373184,111.0,78.0
1752174294.3940704,111.0,78.0
1752174294.4109826,112.0,79.0
1752174294.4341002,113.0,80.0
1752174294.4540067,114.0,81.0
1752174294.4753587,114.0,81.0
1752174294.4916933,115.0,82.0
1752174294.5121505,116.0,83.0
1752174294.534908,117.0,83.0
1752174294.5531442,117.0,84.0
1752174294.572799,118.0,85.0
1752174294.592567,119.0,86.0
1752174294.6132932,120.0,86.0
1752174294.6336446,120.0,87.0
1752174294.6540036,121.0,88.0
1752174294.6720865,122.0,88.0
1752174294.6925917,122.0,89.0
1752174294.7131937,123.0,90.0
1752174294.7336757,124.0,91.0
1752174294.7519202,125.0,91.0
1752174294.7732134,125.0,92.0
1752174294.7931664,126.0,93.0
1752174294.8132155,127.0,93.0
1752174294.833606,128.0,94.0
1752174294.852179,129.0,95.0
1752174294.876495,129.0,96.0
1752174294.8919325,130.0,96.0
1752174294.91188,131.0,97.0
1752174294.9312763,132.0,98.0
1752174294.952069,132.0,99.0
1752174294.971694,133.0,99.0
1752174294.9919174,134.0,100.0
1752174295.0121644,135.0,101.0
1752174295.0326622,135.0,101.0
1752174295.0526593,136.0,102.0
1752174295.0721958,137.0,103.0
1752174295.0924923,137.0,103.0
1752174295.1112692,138.0,104.0
1752174295.131461,139.0,105.0
1752174295.1518617,139.0,105.0
1752174295.1722107,140.0,106.0
1752174295.19349,141.0,107.0
1752174295.213301,141.0,107.0
1752174295.234917,142.0,108.0
1752174295.2544656,143.0,108.0
1752174295.2724524,143.0,109.0
1752174295.2928228,144.0,110.0
1752174295.3123243,145.0,110.0
1752174295.3353517,145.0,111.0
1752174295.3533335,146.0,111.0
1752174295.371788,146.0,112.0
1752174295.3950515,147.0,113.0
1752174295.412728,148.0,113.0
1752174295.4345381,148.0,114.0
1752174295.452409,149.0,115.0
1752174295.4732108,150.0,115.0
1752174295.494072,150.0,116.0
1752174295.5132868,151.0,116.0
1752174295.5344534,152.0,117.0
1752174295.5524304,152.0,118.0
1752174295.5732396,153.0,118.0
1752174295.5949614,154.0,119.0
1752174295.611629,154.0,119.0
1752174295.6332638,155.0,120.0
1752174295.6540742,156.0,121.0
1752174295.672147,156.0,121.0
1752174295.693506,157.0,122.0
1752174295.713278,158.0,123.0
1752174295.7339716,158.0,123.0
1752174295.752636,159.0,124.0
1752174295.772918,160.0,124.0
1752174295.7926688,160.0,125.0
1752174295.8127055,161.0,126.0
1752174295.8338442,162.0,126.0
1752174295.852265,162.0,127.0
1752174295.8749492,163.0,128.0
1752174295.8914955,164.0,128.0
1752174295.9122186,164.0,129.0
1752174295.934086,165.0,130.0
1752174295.9543133,166.0,130.0
1752174295.9747448,166.0,131.0
1752174295.9909544,0.0,0.0
1752174296.0123239,0.0,0.0
1752174296.034467,1.0,0.0
1752174296.0538375,1.0,1.0
1752174296.0743575,1.0,1.0
1752174296.091544,0.0,0.0
1752174296.1123602,0.0,0.0
1752174296.13457,0.0,0.0
1752174296.1536796,0.0,0.0
1752174296.1753013,0.0,0.0
1752174296.1939297,0.0,0.0
1752174296.210902,0.0,0.0
1752174296.2335112,0.0,0.0
1752174296.253485,0.0,0.0
1752174296.2742233,0.0,0.0
1752174296.2910988,0.0,0.0
1752174296.312336,0.0,0.0
1752174296.3346038,0.0,0.0
1752174296.3535101,0.0,0.0
1752174296.375569,0.0,0.0
1752174296.392847,0.0,0.0
1752174296.4108655,0.0,0.0
1752174296.4328601,0.0,0.0
1752174296.453508,0.0,0.0
1752174296.4734752,0.0,0.0
1752174296.4942472,0.0,0.0
1752174296.5109286,0.0,0.0
1752174296.5328164,0.0,0.0
1752174296.5527866,0.0,0.0
1752174296.5736969,0.0,0.0
1752174296.5936158,0.0,0.0
1752174296.612824,0.0,0.0
1752174296.631864,0.0,0.0
1752174296.65443,0.0,0.0
1752174296.6728601,0.0,0.0
1752174296.6924953,0.0,0.0
1752174296.7115867,0.0,0.0
1752174296.7343748,0.0,0.0
1752174296.7527993,0.0,0.0
1752174296.773964,0.0,0.0
1752174296.7951872,0.0,0.0
1752174296.8111696,0.0,0.0
1752174296.8329644,0.0,0.0
1752174296.8535979,0.0,0.0
1752174296.8751092,0.0,0.0
1752174296.8915312,0.0,0.0
1752174296.911755,0.0,0.0
1752174296.9310215,0.0,0.0
1752174296.9517734,0.0,0.0
1752174296.9714406,0.0,0.0
1752174296.9923687,0.0,0.0
1752174297.011437,0.0,0.0
1752174297.0320253,0.0,0.0
1752174297.0522933,0.0,0.0
1752174297.0716217,0.0,0.0
1752174297.0911396,0.0,0.0
1752174297.1121988,0.0,0.0
1752174297.1317005,0.0,0.0
1752174297.152672,0.0,0.0
1752174297.1725063,0.0,0.0
1752174297.192495,0.0,0.0
1752174297.212343,0.0,0.0
1752174297.2350774,0.0,0.0
1752174297.252126,0.0,0.0
1752174297.2722917,0.0,0.0
1752174297.29437,0.0,0.0
1752174297.312334,0.0,0.0
1752174297.3355865,0.0,0.0
1752174297.3533342,0.0,0.0
1752174297.3727996,0.0,0.0
1752174297.3924654,0.0,0.0
1752174297.413557,0.0,0.0
1752174297.4339151,0.0,0.0
1752174297.4518557,0.0,0.0
1752174297.472798,0.0,0.0
1752174297.4936702,0.0,0.0
1752174297.5129118,0.0,0.0
1752174297.5355015,0.0,0.0
1752174297.5533397,0.0,0.0
1752174297.5722742,0.0,0.0
1752174297.5946186,0.0,0.0
1752174297.6108658,0.0,0.0
1752174297.633702,0.0,0.0
1752174297.6529047,0.0,0.0
1752174297.6723347,0.0,0.0
1752174297.693487,0.0,0.0
1752174297.7128873,0.0,0.0
1752174297.7332213,0.0,0.0
1752174297.7514973,0.0,0.0
1752174297.7743776,0.0,0.0
1752174297.7928805,0.0,0.0
1752174297.813,0.0,0.0
1752174297.8319232,0.0,0.0
1752174297.854513,0.0,0.0
1752174297.873533,0.0,0.0
1752174297.8941028,0.0,0.0
1752174297.9109256,0.0,0.0
1752174297.9335783,0.0,0.0
1752174297.9535193,0.0,0.0
1752174297.9735403,0.0,0.0
1752174297.9914997,0.0,0.0
1752174298.0123427,0.0,0.0
1752174298.0343883,0.0,0.0
1752174298.0535324,0.0,0.0
1752174298.0745287,0.0,0.0
1752174298.0935411,0.0,0.0
1752174298.110885,0.0,0.0
1752174298.1335676,0.0,0.0
1752174298.1528625,0.0,0.0
1752174298.1738944,0.0,0.0
1752174298.1936648,0.0,0.0
1752174298.212933,0.0,0.0
1752174298.2342749,0.0,0.0
1752174298.2512963,0.0,0.0
1752174298.272812,0.0,0.0
1752174298.2939446,0.0,0.0
1752174298.3123975,0.0,0.0
1752174298.3343065,0.0,0.0
1752174298.351634,0.0,0.0
1752174298.3722801,0.0,0.0
1752174298.3946307,0.0,0.0
1752174298.41238,0.0,0.0
1752174298.432092,0.0,0.0
1752174298.4523234,0.0,0.0
1752174298.4734793,0.0,0.0
1752174298.4935524,0.0,0.0
1752174298.5115166,0.0,0.0
1752174298.5328674,0.0,0.0
1752174298.5535076,0.0,0.0
1752174298.5734947,0.0,0.0
1752174298.5953808,0.0,0.0
1752174298.6111004,0.0,0.0
1752174298.632852,0.0,0.0
1752174298.6537764,0.0,0.0
1752174298.6735828,0.0,0.0
1752174298.6951911,0.0,0.0
1752174298.7112215,0.0,0.0
1752174298.7335372,0.0,0.0
1752174298.752845,0.0,0.0
1752174298.7737257,0.0,0.0
1752174298.7936025,0.0,0.0
1752174298.8128767,0.0,0.0
1752174298.8322928,0.0,0.0
1752174298.8544028,0.0,0.0
1752174298.8752427,0.0,0.0
1752174298.8915577,0.0,0.0
1752174298.9115949,0.0,0.0
1752174298.9310517,0.0,0.0
1752174298.9512131,0.0,0.0
1752174298.9723058,0.0,0.0
1752174298.992039,0.0,0.0
1752174299.0119827,0.0,0.0
1752174299.0325568,0.0,0.0
1752174299.0515122,0.0,0.0
1752174299.071941,0.0,0.0
1752174299.0910144,0.0,0.0
1752174299.1113005,0.0,0.0
1752174299.1323981,0.0,0.0
1752174299.1519208,0.0,0.0
1752174299.1745484,0.0,0.0
1752174299.1936674,0.0,0.0
1752174299.2113929,0.0,0.0
1752174299.2329497,0.0,0.0
1752174299.2536583,0.0,0.0
1752174299.2734766,0.0,0.0
1752174299.2954903,0.0,0.0
1752174299.3113928,0.0,0.0
1752174299.3328524,0.0,0.0
1752174299.3536332,0.0,0.0
1752174299.373461,0.0,0.0
1752174299.3954165,0.0,0.0
1752174299.411186,0.0,0.0
1752174299.4328237,0.0,0.0
1752174299.453656,0.0,0.0
1752174299.473529,0.0,0.0
1752174299.4943783,0.0,0.0
1752174299.510875,0.0,0.0
1752174299.5335379,0.0,0.0
1752174299.553503,0.0,0.0
1752174299.5742111,0.0,0.0
1752174299.5916433,0.0,0.0
1752174299.612372,0.0,0.0
1752174299.6345124,0.0,0.0
1752174299.6537595,0.0,0.0
1752174299.6750777,0.0,0.0
1752174299.6911273,0.0,0.0
1752174299.7124586,0.0,0.0
1752174299.7335122,0.0,0.0
1752174299.753508,0.0,0.0
1752174299.7736661,0.0,0.0
1752174299.791628,0.0,0.0
1752174299.8123732,0.0,0.0
1752174299.8347404,0.0,0.0
1752174299.8528883,0.0,0.0
1752174299.873677,0.0,0.0
1752174299.8918684,0.0,0.0
1752174299.9144185,0.0,0.0
1752174299.9337742,0.0,0.0
1752174299.9542859,0.0,0.0
1752174299.9736304,0.0,0.0
1752174299.9923265,0.0,0.0
1752174300.011537,0.0,0.0
1752174300.0345318,0.0,0.0
1752174300.0535161,0.0,0.0
1752174300.0752144,0.0,0.0
1752174300.0936444,0.0,0.0
1752174300.110891,0.0,0.0
1752174300.1325936,0.0,0.0
1752174300.1539025,0.0,0.0
1752174300.1735473,0.0,0.0
1752174300.1945298,0.0,0.0
1752174300.212033,0.0,0.0
1752174300.23237,0.0,0.0
1752174300.252322,0.0,0.0
1752174300.2728384,0.0,0.0
1752174300.2936318,0.0,0.0
1752174300.3128607,0.0,0.0
1752174300.334207,0.0,0.0
1752174300.3516757,0.0,0.0
1752174300.3723123,0.0,0.0
1752174300.3929625,0.0,0.0
1752174300.4118907,0.0,0.0
1752174300.4344878,0.0,0.0
1752174300.4534996,0.0,0.0
1752174300.4752605,0.0,0.0
1752174300.4915895,0.0,0.0
1752174300.5118854,0.0,0.0
1752174300.5335495,0.0,0.0
1752174300.5528333,0.0,0.0
1752174300.5734808,0.0,0.0
1752174300.5937912,0.0,0.0
1752174300.6115558,0.0,0.0
1752174300.6328807,0.0,0.0
1752174300.6530037,0.0,0.0
1752174300.673776,0.0,0.0
1752174300.6937282,0.0,0.0
1752174300.7115116,0.0,0.0
1752174300.7328362,0.0,0.0
1752174300.753663,0.0,0.0
1752174300.7735136,0.0,0.0
1752174300.7936125,0.0,0.0
1752174300.811604,0.0,0.0
1752174300.8328223,0.0,0.0
1752174300.8536987,0.0,0.0
1752174300.8751473,0.0,0.0
1752174300.8916242,0.0,0.0
1752174300.9119833,0.0,0.0
1752174300.9312189,0.0,0.0
1752174300.951409,0.0,0.0
1752174300.9713807,0.0,0.0
1752174300.9913254,0.0,0.0
1752174301.0113454,0.0,0.0
1752174301.032949,0.0,0.0
1752174301.0558383,0.0,0.0
1752174301.073257,0.0,0.0
1752174301.093011,0.0,0.0
1752174301.1118917,0.0,0.0
1752174301.1323683,0.0,0.0
1752174301.1542878,0.0,0.0
1752174301.174158,0.0,0.0
1752174301.1958134,0.0,0.0
1752174301.2137272,0.0,0.0
1752174301.235157,0.0,0.0
1752174301.2513292,0,0
1752174301.2730587,0.0,0.0
1752174301.293695,0.0,0.0
1752174301.3130002,0.0,0.0
1752174301.3335633,0.0,0.0
1752174301.3547175,0.0,0.0
1752174301.3740327,0.0,0.0
1752174301.3920126,0.0,0.0
1752174301.4142091,0.0,0.0
1752174301.4334245,0.0,0.0
1752174301.4518976,0.0,0.0
1752174301.4744568,0.0,0.0
1752174301.4928784,0.0,0.0
1752174301.512837,0.0,0.0
1752174301.5320346,0.0,0.0
1752174301.5528965,0.0,0.0
1752174301.573498,0.0,0.0
1752174301.5936143,0.0,0.0
1752174301.6134589,0.0,0.0
1752174301.6339948,0.0,0.0
1752174301.6540968,0.0,0.0
1752174301.6715388,0.0,0.0
1752174301.6945114,0.0,0.0
1752174301.7125325,0.0,0.0
1752174301.733642,0.0,0.0
1752174301.7519119,0.0,0.0
1752174301.7745168,0.0,0.0
1752174301.794049,0.0,0.0
1752174301.8132358,0.0,0.0
1752174301.8320773,0.0,0.0
1752174301.852815,0.0,0.0
1752174301.8744016,0.0,0.0
1752174301.8914614,0.0,0.0
1752174301.9125206,0.0,0.0
1752174301.9312928,0.0,0.0
1752174301.9512587,0.0,0.0
1752174301.9716158,0.0,0.0
1752174301.9922328,0.0,0.0
1752174302.0131168,0.0,0.0
1752174302.0330732,0.0,0.0
1752174302.052808,0.0,0.0
1752174302.0720704,0.0,0.0
1752174302.092943,0.0,0.0
1752174302.1126168,0.0,0.0
1752174302.1367507,0.0,0.0
1752174302.1516385,0.0,0.0
1752174302.1720026,0.0,0.0
1752174302.1910398,0.0,0.0
1752174302.2128496,0.0,0.0
1752174302.2316897,0.0,0.0
1752174302.2524276,0.0,0.0
1752174302.2717369,0.0,0.0
1752174302.293017,0.0,0.0
1752174302.3113594,0.0,0.0
1752174302.3329172,0.0,0.0
1752174302.353765,0.0,0.0
1752174302.3735127,0.0,0.0
1752174302.3939197,0.0,0.0
1752174302.4130924,0.0,0.0
1752174302.433586,0.0,0.0
1752174302.4518251,0.0,0.0
1752174302.4724002,0.0,0.0
1752174302.493762,0.0,0.0
1752174302.5126026,0.0,0.0
1752174302.5335338,0.0,0.0
1752174302.5536551,0.0,0.0
1752174302.5736084,0.0,0.0
1752174302.593773,0.0,0.0
1752174302.6146233,0.0,0.0
1752174302.633759,0.0,0.0
1752174302.6541061,0.0,0.0
1752174302.6745467,0.0,0.0
1752174302.6940367,0.0,0.0
1752174302.71212,0.0,0.0
1752174302.7326481,0.0,0.0
1752174302.7520432,0.0,0.0
1752174302.7736788,0.0,0.0
1752174302.7937045,0.0,0.0
1752174302.8130617,0.0,0.0
1752174302.8337076,0.0,0.0
1752174302.8536396,0.0,0.0
1752174302.8746307,0.0,0.0
1752174302.892964,0.0,0.0
1752174302.9126852,0.0,0.0
1752174302.933447,0.0,0.0
1752174302.9525273,0.0,0.0
1752174302.972399,0.0,0.0
1752174302.9940946,0.0,0.0
1752174303.0129964,0.0,0.0
1752174303.0321274,0.0,0.0
1752174303.053064,0.0,0.0
1752174303.0734212,0.0,0.0
1752174303.094,0.0,0.0
1752174303.1135333,0.0,0.0
1752174303.1340342,0.0,0.0
1752174303.152255,0,0
1752174303.1730614,0.0,0.0
1752174303.1917527,0.0,0.0
1752174303.212222,0.0,0.0
1752174303.2324162,0.0,0.0
1752174303.253782,0.0,0.0
1752174303.273612,0.0,0.0
1752174303.2940838,0.0,0.0
1752174303.3130085,0.0,0.0
1752174303.3322594,0.0,0.0
1752174303.3524923,0.0,0.0
1752174303.3737617,0.0,0.0
1752174303.3936708,0.0,0.0
1752174303.4131036,0.0,0.0
1752174303.4340034,0.0,0.0
1752174303.4514494,0.0,0.0
1752174303.4724085,0.0,0.0
1752174303.4920924,0.0,0.0
1752174303.5139766,0.0,0.0
1752174303.5324988,0.0,0.0
1752174303.5523365,0.0,0.0
1752174303.5745254,0.0,0.0
1752174303.593667,0.0,0.0
1752174303.6126504,0.0,0.0
1752174303.6322844,0.0,0.0
1752174303.6524231,0.0,0.0
1752174303.6746929,0.0,0.0
1752174303.6929352,0.0,0.0
1752174303.7126873,0.0,0.0
1752174303.7320788,0.0,0.0
1752174303.7528968,0.0,0.0
1752174303.772919,0.0,0.0
1752174303.7944815,0.0,0.0
1752174303.8126452,0.0,0.0
1752174303.834247,0.0,0.0
1752174303.8521638,0.0,0.0
1752174303.8760374,0.0,0.0
1752174303.891688,0.0,0.0
1752174303.9129193,0.0,0.0
1752174303.9321241,0.0,0.0
1752174303.9511867,0.0,0.0
1752174303.9720125,0.0,0.0
1752174303.9920943,0.0,0.0
1752174304.0115993,0.0,0.0
1752174304.0328522,0.0,0.0
1752174304.0534706,0.0,0.0
1752174304.0717425,0.0,0.0
1752174304.0911546,0.0,0.0
1752174304.1125305,0.0,0.0
1752174304.1320865,0.0,0.0
1752174304.1523929,0.0,0.0
1752174304.1725707,0.0,0.0
1752174304.192389,0.0,0.0
1752174304.2137609,0.0,0.0
1752174304.2328284,0.0,0.0
1752174304.2550757,0.0,0.0
1752174304.2712862,0.0,0.0
1752174304.2923858,0.0,0.0
1752174304.3133733,0.0,0.0
1752174304.3328304,0.0,0.0
1752174304.3542345,0.0,0.0
1752174304.3715482,0.0,0.0
1752174304.3944445,0.0,0.0
1752174304.412221,0.0,0.0
1752174304.4330697,0.0,0.0
1752174304.45189,0.0,0.0
1752174304.474418,0.0,0.0
1752174304.491511,0.0,0.0
1752174304.514091,0.0,0.0
1752174304.5327883,0.0,0.0
1752174304.5519373,0.0,0.0
1752174304.5744927,0.0,0.0
1752174304.592911,0.0,0.0
1752174304.6133826,0.0,0.0
1752174304.6312644,0.0,0.0
1752174304.65351,0.0,0.0
1752174304.6735418,0.0,0.0
1752174304.6952035,0.0,0.0
1752174304.714036,0.0,0.0
1752174304.7316322,0.0,0.0
1752174304.752881,0.0,0.0
1752174304.7736084,0.0,0.0
1752174304.7935948,0.0,0.0
1752174304.8122694,0.0,0.0
1752174304.8320317,0.0,0.0
1752174304.8529096,0.0,0.0
1752174304.8737454,0.0,0.0
1752174304.8935266,0.0,0.0
1752174304.9135482,0.0,0.0
1752174304.9341211,0.0,0.0
1752174304.9539578,0.0,0.0
1752174304.9725926,0.0,0.0
1752174304.9926808,0.0,0.0
1752174305.015527,0.0,0.0
1752174305.0338342,0.0,0.0
1752174305.0548487,0.0,0.0
1752174305.073999,0.0,0.0
1752174305.0914483,0,0
1752174305.1145446,0.0,0.0
1752174305.1328197,0.0,0.0
1752174305.1530626,0.0,0.0
1752174305.171895,0.0,0.0
1752174305.1941764,0.0,0.0
1752174305.213543,0.0,0.0
1752174305.2324698,0.0,0.0
1752174305.2525835,0.0,0.0
1752174305.2726836,0.0,0.0
1752174305.2960544,0.0,0.0
1752174305.3123193,0.0,0.0
1752174305.3324487,0.0,0.0
1752174305.353904,0.0,0.0
1752174305.3723376,0.0,0.0
1752174305.392638,0.0,0.0
1752174305.4130714,0.0,0.0
1752174305.433815,0.0,0.0
1752174305.453667,0.0,0.0
1752174305.475213,0.0,0.0
1752174305.4924598,0.0,0.0
1752174305.5120645,0.0,0.0
1752174305.5348353,0.0,0.0
1752174305.5524042,0.0,0.0
1752174305.5729246,0.0,0.0
1752174305.5945504,0.0,0.0
1752174305.6125066,0.0,0.0
1752174305.6324139,0.0,0.0
1752174305.6556528,0.0,0.0
1752174305.6732466,0.0,0.0
1752174305.692798,0.0,0.0
1752174305.7117386,0.0,0.0
1752174305.7345104,0.0,0.0
1752174305.7536166,0.0,0.0
1752174305.7756786,0.0,0.0
1752174305.7921133,0.0,0.0
1752174305.8120732,0.0,0.0
1752174305.8348427,0.0,0.0
1752174305.852975,0.0,0.0
1752174305.8757753,0.0,0.0
1752174305.8916235,0.0,0.0
1752174305.9123054,0.0,0.0
1752174305.9311938,0.0,0.0
1752174305.9511032,0.0,0.0
1752174305.9720023,0.0,0.0
1752174305.992394,0.0,0.0
1752174306.0117545,0.0,0.0
1752174306.0331922,0.0,0.0
1752174306.0520875,0.0,0.0
1752174306.0714757,0.0,0.0
1752174306.091183,0.0,0.0
1752174306.1121526,0.0,0.0
1752174306.131883,0.0,0.0
1752174306.1516755,0.0,0.0
1752174306.1730757,0.0,0.0
1752174306.194059,0.0,0.0
1752174306.2130463,0.0,0.0
1752174306.2343593,0.0,0.0
1752174306.2531478,0.0,0.0
1752174306.2743127,0.0,0.0
1752174306.2923102,0.0,0.0
1752174306.314373,0.0,0.0
1752174306.3321288,0.0,0.0
1752174306.3524275,0.0,0.0
1752174306.3747344,0.0,0.0
1752174306.3930469,0.0,0.0
1752174306.4146585,0.0,0.0
1752174306.4317565,0.0,0.0
1752174306.4524078,0.0,0.0
1752174306.4745467,0.0,0.0
1752174306.492993,0.0,0.0
1752174306.5143943,0.0,0.0
1752174306.5322137,0.0,0.0
1752174306.5529368,0.0,0.0
1752174306.5737355,0.0,0.0
1752174306.593734,0.0,0.0
1752174306.6131954,0.0,0.0
1752174306.631678,0.0,0.0
1752174306.6538863,0.0,0.0
1752174306.673657,0.0,0.0
1752174306.6954348,0.0,0.0
1752174306.7114954,0.0,0.0
1752174306.7329502,0.0,0.0
1752174306.7540681,0.0,0.0
1752174306.7736435,0.0,0.0
1752174306.7936912,0.0,0.0
1752174306.8129864,0.0,0.0
1752174306.8327157,0.0,0.0
1752174306.8537884,0.0,0.0
1752174306.8737643,0.0,0.0
1752174306.893982,0.0,0.0
1752174306.9115949,0.0,0.0
1752174306.9330437,0.0,0.0
1752174306.9537954,0.0,0.0
1752174306.973737,0.0,0.0
1752174306.994415,0.0,0.0
1752174307.0113268,0.0,0.0
1752174307.0330749,0.0,0.0
1752174307.053752,0.0,0.0
1752174307.073659,0.0,0.0
1752174307.0959556,0.0,0.0
1752174307.1123157,0.0,0.0
1752174307.1324437,0.0,0.0
1752174307.1538863,0.0,0.0
1752174307.1720266,0.0,0.0
1752174307.19374,0.0,0.0
1752174307.2130437,0.0,0.0
1752174307.2343767,0.0,0.0
1752174307.2521985,0.0,0.0
1752174307.2729495,0.0,0.0
1752174307.293743,0.0,0.0
1752174307.313041,0.0,0.0
1752174307.3327022,0.0,0.0
1752174307.3526256,0.0,0.0
1752174307.3746667,0.0,0.0
1752174307.3937054,0.0,0.0
1752174307.411996,0.0,0.0
1752174307.4329765,0.0,0.0
1752174307.4539223,0.0,0.0
1752174307.4736347,0.0,0.0
1752174307.4942768,0.0,0.0
1752174307.5111237,0.0,0.0
1752174307.5329602,0.0,0.0
1752174307.553803,0.0,0.0
1752174307.5736194,0.0,0.0
1752174307.5944228,0.0,0.0
1752174307.6111348,0.0,0.0
1752174307.6330614,0.0,0.0
1752174307.653743,0.0,0.0
1752174307.673641,0.0,0.0
1752174307.694365,0.0,0.0
1752174307.7110372,0.0,0.0
1752174307.7329438,0.0,0.0
1752174307.7537572,0.0,0.0
1752174307.773703,0.0,0.0
1752174307.7944129,0.0,0.0
1752174307.8110685,0.0,0.0
1752174307.8330235,0.0,0.0
1752174307.8529787,0.0,0.0
1752174307.8756905,0.0,0.0
1752174307.8914702,0.0,0.0
1752174307.911999,0.0,0.0
1752174307.9312263,0.0,0.0
1752174307.95156,0.0,0.0
1752174307.9722686,0.0,0.0
1752174307.9919121,0.0,0.0
1752174308.0118072,0.0,0.0
1752174308.032501,0.0,0.0
1752174308.052796,0.0,0.0
1752174308.0717387,0.0,0.0
1752174308.0928576,0.0,0.0
1752174308.110902,0.0,0.0
1752174308.1317518,0.0,0.0
1752174308.151546,0.0,0.0
1752174308.1717963,0.0,0.0
1752174308.1937358,0.0,0.0
1752174308.2124114,0.0,0.0
1752174308.2321002,0.0,0.0
1752174308.252835,0.0,0.0
1752174308.2736573,0.0,0.0
1752174308.2934315,0.0,0.0
1752174308.3135433,0.0,0.0
1752174308.3312933,0.0,0.0
1752174308.3529453,0.0,0.0
1752174308.373481,0.0,0.0
1752174308.3934462,0.0,0.0
1752174308.4135704,0.0,0.0
1752174308.4351928,0.0,0.0
1752174308.45107,0.0,0.0
1752174308.4727988,0.0,0.0
1752174308.4934576,0.0,0.0
1752174308.512864,0.0,0.0
1752174308.5354183,0.0,0.0
1752174308.551069,0.0,0.0
1752174308.5728893,0.0,0.0
1752174308.5934744,0.0,0.0
1752174308.6128612,0.0,0.0
1752174308.6327944,0.0,0.0
1752174308.6537108,0.0,0.0
1752174308.6711426,0.0,0.0
1752174308.6928735,0.0,0.0
1752174308.7128754,0.0,0.0
1752174308.733619,0.0,0.0
1752174308.7522817,0.0,0.0
1752174308.7727783,0.0,0.0
1752174308.7934575,0.0,0.0
1752174308.8129451,0.0,0.0
1752174308.8355684,0.0,0.0
1752174308.8511007,0.0,0.0
1752174308.8729424,0.0,0.0
1752174308.893463,0.0,0.0
1752174308.9129586,0.0,0.0
1752174308.934213,0.0,0.0
1752174308.9520216,0.0,0.0
1752174308.9728138,0.0,0.0
1752174308.9934547,0.0,0.0
1752174309.0129738,0.0,0.0
1752174309.0355206,0.0,0.0
1752174309.053379,0.0,0.0
1752174309.0722961,0.0,0.0
1752174309.0958457,0.0,0.0
1752174309.11215,0.0,0.0
1752174309.1322439,0.0,0.0
1752174309.1532135,0.0,0.0
1752174309.1743731,0.0,0.0
1752174309.1940002,0.0,0.0
1752174309.210835,0.0,0.0
1752174309.2335923,0.0,0.0
1752174309.252771,0.0,0.0
1752174309.2728662,0.0,0.0
1752174309.293674,0.0,0.0
1752174309.310876,0.0,0.0
1752174309.3328123,0.0,0.0
1752174309.3534489,0.0,0.0
1752174309.3734794,0.0,0.0
1752174309.3941312,0.0,0.0
1752174309.4109397,0.0,0.0
1752174309.4335284,0.0,0.0
1752174309.4527862,0.0,0.0
1752174309.4741495,0.0,0.0
1752174309.4919193,0.0,0.0
1752174309.5155606,0.0,0.0
1752174309.5333953,0.0,0.0
1752174309.551948,0.0,0.0
1752174309.5727665,0.0,0.0
1752174309.5934494,0.0,0.0
1752174309.612927,0.0,0.0
1752174309.6342013,0.0,0.0
1752174309.651999,0.0,0.0
1752174309.6728663,0.0,0.0
1752174309.69344,0.0,0.0
1752174309.7128208,0.0,0.0
1752174309.7341821,0.0,0.0
1752174309.7519367,0.0,0.0
1752174309.7727964,0.0,0.0
1752174309.7934594,0.0,0.0
1752174309.8128984,0.0,0.0
1752174309.8341696,0.0,0.0
1752174309.851937,0.0,0.0
1752174309.8728187,0.0,0.0
1752174309.8914285,0.0,0.0
1752174309.9119828,0.0,0.0
1752174309.931649,0.0,0.0
1752174309.9516468,0.0,0.0
1752174309.97227,0.0,0.0
1752174309.9921684,0.0,0.0
1752174310.0130074,0.0,0.0
1752174310.0317755,0.0,0.0
1752174310.0516272,0.0,0.0
1752174310.0718489,0.0,0.0
1752174310.0916517,0.0,0.0
1752174310.111307,0.0,0.0
1752174310.1332424,0.0,0.0
1752174310.1513038,0.0,0.0
1752174310.172493,0.0,0.0
1752174310.1924345,0.0,0.0
1752174310.2117007,0.0,0.0
1752174310.2344298,0.0,0.0
1752174310.2529922,0.0,0.0
1752174310.274054,0.0,0.0
1752174310.291931,0.0,0.0
1752174310.3141763,0.0,0.0
1752174310.3310757,0.0,0.0
1752174310.3528318,0.0,0.0
1752174310.3736742,0.0,0.0
1752174310.3936043,0.0,0.0
1752174310.411915,0.0,0.0
1752174310.4328399,0.0,0.0
1752174310.4535306,0.0,0.0
1752174310.473477,0.0,0.0
1752174310.4944189,0.0,0.0
1752174310.5112793,0.0,0.0
1752174310.5328062,0.0,0.0
1752174310.5534801,0.0,0.0
1752174310.5734947,0.0,0.0
1752174310.5942848,0.0,0.0
1752174310.611257,0.0,0.0
1752174310.6330018,0.0,0.0
1752174310.6537278,0.0,0.0
1752174310.6733174,0.0,0.0
1752174310.6946132,0.0,0.0
1752174310.7109373,0.0,0.0
1752174310.7329314,0.0,0.0
1752174310.7536519,0.0,0.0
1752174310.7736144,0.0,0.0
1752174310.7954419,0.0,0.0
1752174310.811124,0.0,0.0
1752174310.833013,0.0,0.0
1752174310.8537438,0.0,0.0
1752174310.8737814,0.0,0.0
1752174310.8937168,0.0,0.0
1752174310.910901,0.0,0.0
1752174310.933047,0.0,0.0
1752174310.9541187,0.0,0.0
1752174310.973738,0.0,0.0
1752174310.9943106,0.0,0.0
1752174311.010927,0.0,0.0
1752174311.0330105,0.0,0.0
1752174311.0537643,0.0,0.0
1752174311.0736883,0.0,0.0
1752174311.0956113,0.0,0.0
1752174311.1113822,0.0,0.0
1752174311.1329947,0.0,0.0
1752174311.1538727,0.0,0.0
1752174311.1736417,0.0,0.0
1752174311.1942317,0.0,0.0
1752174311.2109678,0.0,0.0
1752174311.2329504,0.0,0.0
1752174311.253786,0.0,0.0
1752174311.273626,0.0,0.0
1752174311.294378,0.0,0.0
1752174311.3109543,0.0,0.0
1752174311.3329806,0.0,0.0
1752174311.3537662,0.0,0.0
1752174311.3740404,0.0,0.0
1752174311.3938136,0.0,0.0
1752174311.411284,0.0,0.0
1752174311.432989,0.0,0.0
1752174311.453727,0.0,0.0
1752174311.4736395,0.0,0.0
1752174311.4937003,0.0,0.0
1752174311.5110075,0.0,0.0
1752174311.5329962,0.0,0.0
1752174311.553734,0.0,0.0
1752174311.573635,0.0,0.0
1752174311.594346,0.0,0.0
1752174311.6109736,0.0,0.0
1752174311.633178,0.0,0.0
1752174311.6529925,0.0,0.0
1752174311.6744602,0.0,0.0
1752174311.6922035,0.0,0.0
1752174311.7145371,0.0,0.0
1752174311.7314253,0.0,0.0
1752174311.753025,0.0,0.0
1752174311.773799,0.0,0.0
1752174311.7936296,0.0,0.0
1752174311.8116555,0.0,0.0
1752174311.8331487,0.0,0.0
1752174311.85383,0.0,0.0
1752174311.8744514,0.0,0.0
1752174311.8913858,0.0,0.0
1752174311.9123385,0.0,0.0
1752174311.9314718,0.0,0.0
1752174311.951573,0.0,0.0
1752174311.9720387,0.0,0.0
1752174311.9923131,0.0,0.0
1752174312.0117621,0.0,0.0
1752174312.033892,0.0,0.0
1752174312.051744,0.0,0.0
1752174312.0721,0.0,0.0
1752174312.0910192,0.0,0.0
1752174312.112327,0.0,0.0
1752174312.131757,0.0,0.0
1752174312.1512232,0.0,0.0
1752174312.172599,0.0,0.0
1752174312.1923003,0.0,0.0
1752174312.2124352,0.0,0.0
1752174312.2344615,0.0,0.0
1752174312.2520673,0.0,0.0
1752174312.2727842,0.0,0.0
1752174312.2934797,0.0,0.0
1752174312.3129203,0.0,0.0
1752174312.3324254,0.0,0.0
1752174312.3527966,0.0,0.0
1752174312.3735068,0.0,0.0
1752174312.393448,0.0,0.0
1752174312.4118497,0.0,0.0
1752174312.4329166,0.0,0.0
1752174312.453642,0.0,0.0
1752174312.4735649,0.0,0.0
1752174312.495105,0.0,0.0
1752174312.5114272,0.0,0.0
1752174312.532852,0.0,0.0
1752174312.553507,0.0,0.0
1752174312.573492,0.0,0.0
1752174312.595072,0.0,0.0
1752174312.6116228,0.0,0.0
1752174312.6329896,0.0,0.0
1752174312.6537364,0.0,0.0
1752174312.6735501,0.0,0.0
1752174312.694117,0.0,0.0
1752174312.7112663,0.0,0.0
1752174312.7328024,0.0,0.0
1752174312.7536154,0.0,0.0
1752174312.7735126,0.0,0.0
1752174312.7951748,0.0,0.0
1752174312.8113017,0.0,0.0
1752174312.8327873,0.0,0.0
1752174312.8536386,0.0,0.0
1752174312.8735893,0.0,0.0
1752174312.8943958,0.0,0.0
1752174312.9111595,0.0,0.0
1752174312.9328663,0.0,0.0
1752174312.9536726,0.0,0.0
1752174312.9734583,0.0,0.0
1752174312.9942803,0.0,0.0
1752174313.011386,0.0,0.0
1752174313.0328858,0.0,0.0
1752174313.0535946,0.0,0.0
1752174313.0735273,0.0,0.0
1752174313.0956109,0.0,0.0
1752174313.1111088,0.0,0.0
1752174313.1335583,0.0,0.0
1752174313.152858,0.0,0.0
1752174313.175532,0.0,0.0
1752174313.1930244,0.0,0.0
1752174313.2142634,0.0,0.0
1752174313.231085,0.0,0.0
1752174313.2528758,0.0,0.0
1752174313.27347,0.0,0.0
1752174313.293454,0.0,0.0
1752174313.3129,0.0,0.0
1752174313.3358269,0.0,0.0
1752174313.353143,0.0,0.0
1752174313.3719094,0.0,0.0
1752174313.3928654,0.0,0.0
1752174313.4130113,0.0,0.0
1752174313.4343922,0.0,0.0
1752174313.4540925,0.0,0.0
1752174313.4710624,0.0,0.0
1752174313.4928443,0.0,0.0
1752174313.512316,0.0,0.0
1752174313.5345216,0.0,0.0
1752174313.5521212,0.0,0.0
1752174313.572779,0.0,0.0
1752174313.593615,0.0,0.0
1752174313.6124487,0.0,0.0
1752174313.6344955,0.0,0.0
1752174313.6520584,0.0,0.0
1752174313.672819,0.0,0.0
1752174313.6934774,0.0,0.0
1752174313.712363,0.0,0.0
1752174313.7328894,0.0,0.0
1752174313.7534802,0.0,0.0
1752174313.774329,0.0,0.0
1752174313.792571,0.0,0.0
1752174313.8143811,0.0,0.0
1752174313.832065,0.0,0.0
1752174313.8528552,0.0,0.0
1752174313.873964,0.0,0.0
1752174313.891395,0.0,0.0
1752174313.9118366,0.0,0.0
1752174313.931335,0.0,0.0
1752174313.9515116,0.0,0.0
1752174313.9712322,0.0,0.0
1752174313.992237,0.0,0.0
1752174314.0116165,0.0,0.0
1752174314.032382,0.0,0.0
1752174314.0519729,0.0,0.0
1752174314.071315,0.0,0.0
1752174314.0912836,0.0,0.0
1752174314.1114473,0.0,0.0
1752174314.1320195,0.0,0.0
1752174314.1511462,0.0,0.0
1752174314.1744764,0.0,0.0
1752174314.192874,0.0,0.0
1752174314.213778,0.0,0.0
1752174314.2349286,0.0,0.0
1752174314.2510462,0.0,0.0
1752174314.273118,0.0,0.0
1752174314.2928076,0.0,0.0
1752174314.312385,0.0,0.0
1752174314.3337114,0.0,0.0
1752174314.3518474,0.0,0.0
1752174314.374544,0.0,0.0
1752174314.390863,0.0,0.0
1752174314.4124901,0.0,0.0
1752174314.4336312,0.0,0.0
1752174314.4534788,0.0,0.0
1752174314.475191,0.0,0.0
1752174314.4911056,0.0,0.0
1752174314.512343,0.0,0.0
1752174314.5336206,0.0,0.0
1752174314.5535376,0.0,0.0
1752174314.575183,0.0,0.0
1752174314.5910952,0.0,0.0
1752174314.612437,0.0,0.0
1752174314.6334763,0.0,0.0
1752174314.6535554,0.0,0.0
1752174314.6751466,0.0,0.0
1752174314.69109,0.0,0.0
1752174314.7123594,0.0,0.0
1752174314.7334833,0.0,0.0
1752174314.7536273,0.0,0.0
1752174314.7753131,0.0,0.0
1752174314.7910833,0.0,0.0
1752174314.8124657,0.0,0.0
1752174314.8336244,0.0,0.0
1752174314.853519,0.0,0.0
1752174314.875372,0.0,0.0
1752174314.8911207,0.0,0.0
1752174314.9120796,0.0,0.0
1752174314.9344602,0.0,0.0
1752174314.9527996,0.0,0.0
1752174314.9723005,0.0,0.0
1752174314.9943619,0.0,0.0
1752174315.0109637,0.0,0.0
1752174315.0335307,0.0,0.0
1752174315.053534,0.0,0.0
1752174315.074128,0.0,0.0
1752174315.0949419,0.0,0.0
1752174315.1120234,0.0,0.0
1752174315.1323392,0.0,0.0
1752174315.1543827,0.0,0.0
1752174315.1734807,0.0,0.0
1752174315.1951845,0.0,0.0
1752174315.2113004,0.0,0.0
1752174315.2328312,0.0,0.0
1752174315.2534735,0.0,0.0
1752174315.2735548,0.0,0.0
1752174315.2951086,0.0,0.0
1752174315.3112404,0.0,0.0
1752174315.332814,0.0,0.0
1752174315.3534856,0.0,0.0
1752174315.3735406,0.0,0.0
1752174315.3942394,0.0,0.0
1752174315.412571,0.0,0.0
1752174315.4319553,0.0,0.0
1752174315.4527981,0.0,0.0
1752174315.4734628,0.0,0.0
1752174315.4935977,0.0,0.0
1752174315.5117064,0.0,0.0
1752174315.5328543,0.0,0.0
1752174315.553525,0.0,0.0
1752174315.5734506,0.0,0.0
1752174315.5944507,0.0,0.0
1752174315.6114714,0.0,0.0
1752174315.6328914,0.0,0.0
1752174315.653563,0.0,0.0
1752174315.6734993,0.0,0.0
1752174315.6945474,0.0,0.0
1752174315.7126775,0.0,0.0
1752174315.7319114,0.0,0.0
1752174315.7543762,0.0,0.0
1752174315.7727842,0.0,0.0
1752174315.794188,0.0,0.0
1752174315.8111322,0.0,0.0
1752174315.83286,0.0,0.0
1752174315.8534703,0.0,0.0
1752174315.8743632,0.0,0.0
1752174315.8914998,0.0,0.0
1752174315.9124043,0.0,0.0
1752174315.9315128,0.0,0.0
1752174315.9511986,0.0,0.0
1752174315.9720807,0.0,0.0
1752174315.9916434,0.0,0.0
1752174316.0123174,0.0,0.0
1752174316.031559,0.0,0.0
1752174316.0524533,0.0,0.0
1752174316.0726402,0.0,0.0
1752174316.0916042,0.0,0.0
1752174316.1110492,0.0,0.0
1752174316.1320302,0.0,0.0
1752174316.1525,0.0,0.0
1752174316.172704,0.0,0.0
1752174316.1917865,0.0,0.0
1752174316.2121198,0.0,0.0
1752174316.2345088,0.0,0.0
1752174316.2528205,0.0,0.0
1752174316.2723053,0.0,0.0
1752174316.294439,0.0,0.0
1752174316.3109224,0.0,0.0
1752174316.3335283,0.0,0.0
1752174316.352804,0.0,0.0
1752174316.374233,0.0,0.0
1752174316.3920112,0.0,0.0
1752174316.413671,0.0,0.0
1752174316.431708,0.0,0.0
1752174316.452877,0.0,0.0
1752174316.473464,0.0,0.0
1752174316.4935322,0.0,0.0
1752174316.513016,0.0,0.0
1752174316.5324502,0.0,0.0
1752174316.5536678,0.0,0.0
1752174316.5722752,0.0,0.0
1752174316.594264,0.0,0.0
1752174316.6123645,0.0,0.0
1752174316.6323113,0.0,0.0
1752174316.6537244,0.0,0.0
1752174316.6735659,0.0,0.0
1752174316.693574,0.0,0.0
1752174316.7110097,0.0,0.0
1752174316.7328155,0.0,0.0
1752174316.753646,0.0,0.0
1752174316.7735665,0.0,0.0
1752174316.7942464,0.0,0.0
1752174316.8109663,0.0,0.0
1752174316.8329375,-1.0,0.0
1752174316.8536835,-1.0,0.0
1752174316.8737004,-1.0,0.0
1752174316.8945,-1.0,0.0
1752174316.911845,-1.0,0.0
1752174316.9330173,-1.0,0.0
1752174316.9537323,-1.0,0.0
1752174316.9735637,-1.0,0.0
1752174316.9945989,-1.0,0.0
1752174317.0112073,-1.0,0.0
1752174317.0329607,-1.0,0.0
1752174317.0535948,-1.0,0.0
1752174317.0738668,-1.0,0.0
1752174317.0944357,-1.0,0.0
1752174317.1108563,-1.0,0.0
1752174317.1336944,-1.0,0.0
1752174317.1537817,-1.0,0.0
1752174317.1736321,-1.0,0.0
1752174317.1943207,-1.0,0.0
1752174317.2111647,-1.0,0.0
1752174317.2329867,-1.0,0.0
1752174317.2537103,-1.0,0.0
1752174317.2735791,-1.0,0.0
1752174317.294195,-1.0,0.0
1752174317.3113422,-1.0,0.0
1752174317.3329113,-1.0,0.0
1752174317.3537004,-1.0,0.0
1752174317.3736382,-1.0,0.0
1752174317.3945074,-1.0,0.0
1752174317.4112587,-1.0,0.0
1752174317.4329512,-1.0,0.0
1752174317.4536362,-1.0,0.0
1752174317.4736097,-1.0,0.0
1752174317.4937122,-1.0,0.0
1752174317.5109484,-1.0,0.0
1752174317.5329463,-1.0,0.0
1752174317.5536146,-1.0,0.0
1752174317.5735848,-1.0,0.0
1752174317.5936213,-1.0,0.0
1752174317.611865,-1.0,0.0
1752174317.6324368,-1.0,0.0
1752174317.6538599,-1.0,0.0
1752174317.67361,-1.0,0.0
1752174317.694359,-1.0,0.0
1752174317.7110233,-1.0,0.0
1752174317.7329116,-1.0,0.0
1752174317.7536037,-1.0,0.0
1752174317.7735693,-1.0,0.0
1752174317.7935762,-1.0,0.0
1752174317.8114424,-1.0,0.0
1752174317.83307,-1.0,0.0
1752174317.8537006,-1.0,0.0
1752174317.873681,-1.0,0.0
1752174317.89165,-1.0,0.0
1752174317.9117377,-1.0,0.0
1752174317.9311147,-1.0,0.0
1752174317.9511797,-1.0,0.0
1752174317.972143,-1.0,0.0
1752174317.9917128,-1.0,0.0
1752174318.0121493,-1.0,0.0
1752174318.0327244,-1.0,0.0
1752174318.0527968,-1.0,0.0
1752174318.0715272,-1.0,0.0
1752174318.091158,-1.0,0.0
1752174318.112276,-1.0,0.0
1752174318.1320488,-1.0,0.0
1752174318.1514175,-1.0,0.0
1752174318.1748097,-1.0,0.0
1752174318.19081,-1.0,0.0
1752174318.212494,-1.0,0.0
1752174318.2337832,-1.0,0.0
1752174318.253622,-1.0,0.0
1752174318.2736745,-1.0,0.0
1752174318.2918816,0.0,0.0
1752174318.3145015,0.0,0.0
1752174318.3313062,0.0,0.0
1752174318.3530526,0.0,0.0
1752174318.3734865,0.0,0.0
1752174318.3936296,0.0,0.0
1752174318.413913,0.0,0.0
1752174318.4350026,0.0,0.0
1752174318.4512675,0.0,0.0
1752174318.4728067,0.0,0.0
1752174318.4935024,0.0,0.0
1752174318.5128238,0.0,0.0
1752174318.5343332,0.0,0.0
1752174318.552077,0.0,0.0
1752174318.5743852,0.0,0.0
1752174318.5909455,-1.0,0.0
1752174318.6120355,-1.0,0.0
1752174318.634808,-1.0,0.0
1752174318.652962,-1.0,0.0
1752174318.6746109,-1.0,0.0
1752174318.6922147,-1.0,0.0
1752174318.714436,-1.0,0.0
1752174318.732144,-1.0,0.0
1752174318.7545602,-1.0,0.0
1752174318.7721863,-1.0,0.0
1752174318.7947118,-1.0,0.0
1752174318.8109784,-1.0,0.0
1752174318.8329186,-1.0,0.0
1752174318.853751,-1.0,0.0
1752174318.8738122,-1.0,0.0
1752174318.8936336,-1.0,0.0
1752174318.910991,-1.0,0.0
1752174318.9328666,-1.0,0.0
1752174318.953697,-1.0,0.0
1752174318.973663,-1.0,0.0
1752174318.9935975,-1.0,0.0
1752174319.010994,-1.0,0.0
1752174319.0329218,-1.0,0.0
1752174319.0537124,-1.0,0.0
1752174319.0735662,-1.0,0.0
1752174319.0940404,-1.0,0.0
1752174319.1108685,-1.0,0.0
1752174319.1321793,-1.0,0.0
1752174319.1537929,-1.0,0.0
1752174319.1735787,-1.0,0.0
1752174319.1936016,-1.0,0.0
1752174319.211352,-1.0,0.0
1752174319.2330556,-1.0,0.0
1752174319.2537427,-1.0,0.0
1752174319.273548,-1.0,0.0
1752174319.2945096,-1.0,0.0
1752174319.3109415,-1.0,0.0
1752174319.3329434,-1.0,0.0
1752174319.3536913,-1.0,0.0
1752174319.3735652,-1.0,0.0
1752174319.3937602,-1.0,0.0
1752174319.4109223,-1.0,0.0
1752174319.432937,-1.0,0.0
1752174319.4536996,-1.0,0.0
1752174319.4735386,-1.0,0.0
1752174319.4945726,-1.0,0.0
1752174319.5109415,-1.0,0.0
1752174319.5329483,-1.0,0.0
1752174319.5536954,-1.0,0.0
1752174319.5736156,-1.0,0.0
1752174319.5939486,-1.0,0.0
1752174319.610967,-1.0,0.0
1752174319.632937,-1.0,0.0
1752174319.6537921,-1.0,0.0
1752174319.6736073,-1.0,0.0
1752174319.69365,0.0,0.0
1752174319.7108603,0.0,0.0
1752174319.732103,0.0,0.0
1752174319.7544885,0.0,0.0
1752174319.773533,0.0,0.0
1752174319.794208,0.0,0.0
1752174319.8109193,0.0,0.0
1752174319.8328788,0.0,0.0
1752174319.853473,0.0,0.0
1752174319.873601,0.0,0.0
1752174319.8921726,0.0,0.0
1752174319.911899,0.0,0.0
1752174319.9315271,0.0,0.0
1752174319.9510903,0.0,0.0
1752174319.9724538,0.0,0.0
1752174319.99189,0.0,0.0
1752174320.012869,0.0,0.0
1752174320.0329492,0.0,0.0
1752174320.053503,0.0,0.0
1752174320.0720582,0.0,0.0
1752174320.0909376,0.0,0.0
1752174320.112044,0.0,0.0
1752174320.1323292,0.0,0.0
1752174320.1515663,0.0,0.0
1752174320.172354,-1.0,0.0
1752174320.1925132,-1.0,0.0
1752174320.212495,-1.0,0.0
1752174320.2345443,-1.0,0.0
1752174320.253421,-1.0,0.0
1752174320.2724285,-1.0,0.0
1752174320.2943902,-1.0,0.0
1752174320.3111784,-1.0,0.0
1752174320.3329554,-1.0,0.0
1752174320.35374,-1.0,0.0
1752174320.373594,-1.0,0.0
1752174320.3936133,-1.0,0.0
1752174320.412993,-1.0,0.0
1752174320.4321327,-1.0,0.0
1752174320.4544914,-1.0,0.0
1752174320.4736593,-1.0,0.0
1752174320.4949286,-1.0,0.0
1752174320.5113664,-1.0,0.0
1752174320.5329278,-1.0,0.0
1752174320.553566,-1.0,0.0
1752174320.5735734,-1.0,0.0
1752174320.5940511,-1.0,0.0
1752174320.6109872,-1.0,0.0
1752174320.6331027,-1.0,0.0
1752174320.6538436,-1.0,0.0
1752174320.6735938,-1.0,0.0
1752174320.6946516,-1.0,0.0
1752174320.7129738,-1.0,0.0
1752174320.7317762,-1.0,0.0
1752174320.752938,-1.0,0.0
1752174320.7723973,-1.0,0.0
1752174320.7946095,-1.0,0.0
1752174320.8124251,-1.0,0.0
1752174320.83544,-1.0,0.0
1752174320.8513885,-1.0,0.0
1752174320.8730311,-1.0,0.0
1752174320.8941505,-1.0,0.0
1752174320.9112794,-1.0,0.0
1752174320.9329123,-1.0,0.0
1752174320.9538393,-1.0,0.0
1752174320.9737139,-1.0,0.0
1752174320.9945269,-1.0,0.0
1752174321.012981,-1.0,0.0
1752174321.0318034,-1.0,0.0
1752174321.053001,-1.0,0.0
1752174321.0736487,-1.0,0.0
1752174321.0938077,-1.0,0.0
1752174321.1130168,-1.0,0.0
1752174321.134498,-1.0,0.0
1752174321.152201,-1.0,0.0
1752174321.174407,-1.0,0.0
1752174321.19209,-1.0,0.0
1752174321.214464,-1.0,0.0
1752174321.2313812,-1.0,0.0
1752174321.2529745,-1.0,0.0
1752174321.2737584,-1.0,0.0
1752174321.2935765,-1.0,0.0
1752174321.3131263,-1.0,0.0
1752174321.3320348,-1.0,0.0
1752174321.352919,-1.0,0.0
1752174321.3735802,-1.0,0.0
1752174321.3936791,-1.0,0.0
1752174321.4136865,-1.0,0.0
1752174321.4354677,-1.0,0.0
1752174321.4535272,-1.0,0.0
1752174321.47236,-1.0,0.0
1752174321.4943457,-1.0,0.0
1752174321.5109403,-1.0,0.0
1752174321.5329263,-1.0,0.0
1752174321.5536985,-1.0,0.0
1752174321.5736003,-1.0,0.0
1752174321.5944161,-1.0,0.0
1752174321.6110206,-1.0,0.0
1752174321.632999,-1.0,0.0
1752174321.6537485,-1.0,0.0
1752174321.6736677,-1.0,0.0
1752174321.6935782,-1.0,0.0
1752174321.7131872,-1.0,0.0
1752174321.731918,-1.0,0.0
1752174321.75292,-1.0,0.0
1752174321.7737198,-1.0,0.0
1752174321.7936063,-1.0,0.0
1752174321.8130894,-1.0,0.0
1752174321.8318603,-1.0,0.0
1752174321.852885,-1.0,0.0
1752174321.873818,-1.0,0.0
1752174321.8945854,-1.0,0.0
1752174321.9124355,-1.0,0.0
1752174321.9317536,-1.0,0.0
1752174321.951185,-1.0,0.0
1752174321.9718988,-1.0,0.0
1752174321.9914937,-1.0,0.0
1752174322.012019,-1.0,0.0
1752174322.0316756,-1.0,0.0
1752174322.052563,-1.0,0.0
1752174322.0722587,-1.0,0.0
1752174322.092138,-1.0,0.0
1752174322.1121993,-1.0,0.0
1752174322.1310747,-1.0,0.0
1752174322.151101,-1.0,0.0
1752174322.1723948,-1.0,0.0
1752174322.1920195,-1.0,0.0
1752174322.2118409,-1.0,0.0
1752174322.2347689,-1.0,0.0
1752174322.250827,-1.0,0.0
1752174322.273644,-1.0,0.0
1752174322.293627,-1.0,0.0
1752174322.3134592,-1.0,0.0
1752174322.334306,-1.0,0.0
1752174322.3520803,-1.0,0.0
1752174322.3746629,-1.0,0.0
1752174322.3915992,-1.0,0.0
1752174322.4135616,-1.0,0.0
1752174322.4311988,-1.0,0.0
1752174322.452917,-1.0,0.0
1752174322.473713,-1.0,0.0
1752174322.493636,-1.0,0.0
1752174322.5135448,-1.0,0.0
1752174322.534608,-1.0,0.0
1752174322.5521479,-1.0,0.0
1752174322.5745454,-1.0,0.0
1752174322.5921335,-1.0,0.0
1752174322.6157968,-1.0,0.0
1752174322.6334417,-1.0,0.0
1752174322.6539192,-1.0,0.0
1752174322.6714425,-1.0,0.0
1752174322.6929252,-1.0,0.0
1752174322.7129648,-1.0,0.0
1752174322.733747,-1.0,0.0
1752174322.7519443,-1.0,0.0
1752174322.7745667,-1.0,0.0
1752174322.7922204,-1.0,0.0
1752174322.8142612,-1.0,0.0
1752174322.8314826,-1.0,0.0
1752174322.8530354,-1.0,0.0
1752174322.8737714,-1.0,0.0
1752174322.8936837,-1.0,0.0
1752174322.9135232,-1.0,0.0
1752174322.9344482,-1.0,0.0
1752174322.9521394,-1.0,0.0
1752174322.9746046,-1.0,0.0
1752174322.9908867,-1.0,0.0
1752174323.0124605,-1.0,0.0
1752174323.03379,-1.0,0.0
1752174323.0535955,-1.0,0.0
1752174323.0752692,-1.0,0.0
1752174323.0935013,-1.0,0.0
1752174323.11098,-1.0,0.0
1752174323.132891,-1.0,0.0
1752174323.154035,-1.0,0.0
1752174323.173054,-1.0,0.0
1752174323.1944864,-1.0,0.0
1752174323.2109363,-1.0,0.0
1752174323.2330475,-1.0,0.0
1752174323.2537413,-1.0,0.0
1752174323.2736404,-1.0,0.0
1752174323.2952487,-1.0,0.0
1752174323.3124363,-1.0,0.0
1752174323.3321302,-1.0,0.0
1752174323.3525975,-1.0,0.0
1752174323.3746321,-1.0,0.0
1752174323.3935664,-1.0,0.0
1752174323.4136786,-1.0,0.0
1752174323.4318135,-1.0,0.0
1752174323.4529548,-1.0,0.0
1752174323.4743283,-1.0,0.0
1752174323.4936156,-1.0,0.0
1752174323.513509,-1.0,0.0
1752174323.5341923,-1.0,0.0
1752174323.5513954,-1.0,0.0
1752174323.5729427,-1.0,0.0
1752174323.59369,-1.0,0.0
1752174323.612963,-1.0,0.0
1752174323.634683,-1.0,0.0
1752174323.6509,-1.0,0.0
1752174323.6729672,-1.0,0.0
1752174323.6937234,-1.0,0.0
1752174323.7130303,-1.0,0.0
1752174323.7343986,-1.0,0.0
1752174323.7513182,-1.0,0.0
1752174323.7730222,-1.0,0.0
1752174323.793746,-1.0,0.0
1752174323.8129194,-1.0,0.0
1752174323.8353832,-1.0,0.0
1752174323.8534029,-1.0,0.0
1752174323.8717675,-1.0,0.0
1752174323.893754,-1.0,0.0
1752174323.9119515,-1.0,0.0
1752174323.932069,-1.0,0.0
1752174323.9509811,-1.0,0.0
1752174323.9723346,-1.0,0.0
1752174323.9920723,-1.0,0.0
1752174324.011741,-1.0,0.0
1752174324.03166,-1.0,0.0
1752174324.0526302,-1.0,0.0
1752174324.0717158,-1.0,0.0
1752174324.091906,-1.0,0.0
1752174324.1110873,-1.0,0.0
1752174324.1321294,-1.0,0.0
1752174324.1517196,-1.0,0.0
1752174324.171482,-1.0,0.0
1752174324.1945627,-1.0,0.0
1752174324.2124336,-1.0,0.0
1752174324.2346773,-1.0,0.0
1752174324.2509923,-1.0,0.0
1752174324.272942,-1.0,0.0
1752174324.2937014,-1.0,0.0
1752174324.3129532,-1.0,0.0
1752174324.3344865,-1.0,0.0
1752174324.3511372,-1.0,0.0
1752174324.3729112,-1.0,0.0
1752174324.3937461,-1.0,0.0
1752174324.4131505,-1.0,0.0
1752174324.4346323,-1.0,0.0
1752174324.454158,-1.0,0.0
1752174324.4740431,-1.0,0.0
1752174324.491428,-1.0,0.0
1752174324.512453,-1.0,0.0
1752174324.5338616,-1.0,0.0
1752174324.5536096,-1.0,0.0
1752174324.5752633,-1.0,0.0
1752174324.5935178,-1.0,0.0
1752174324.610997,-1.0,0.0
1752174324.6330328,-1.0,0.0
1752174324.6537728,-1.0,0.0
1752174324.6736565,-1.0,0.0
1752174324.694629,-1.0,0.0
1752174324.7128527,-1.0,0.0
1752174324.7343152,-1.0,0.0
1752174324.7514768,-1.0,0.0
1752174324.7729723,-1.0,0.0
1752174324.7937047,-1.0,0.0
1752174324.8129427,-1.0,0.0
1752174324.8345175,-1.0,0.0
1752174324.8509297,-1.0,0.0
1752174324.8730028,-1.0,0.0
1752174324.8941576,-1.0,0.0
1752174324.9110174,-1.0,0.0
1752174324.9329107,-1.0,0.0
1752174324.953786,-1.0,0.0
1752174324.9736261,-1.0,0.0
1752174324.9951885,-1.0,0.0
1752174325.0126498,-1.0,0.0
1752174325.0322375,-1.0,0.0
1752174325.0523896,-1.0,0.0
1752174325.074595,-1.0,0.0
1752174325.0935926,-1.0,0.0
1752174325.1137085,-1.0,0.0
1752174325.1332355,-1.0,0.0
1752174325.1516988,-1.0,0.0
1752174325.1729672,-1.0,0.0
1752174325.193772,-1.0,0.0
1752174325.2129674,-1.0,0.0
1752174325.2346084,-1.0,0.0
1752174325.250985,-1.0,0.0
1752174325.2729282,-1.0,0.0
1752174325.2937162,-1.0,0.0
1752174325.313237,-1.0,0.0
1752174325.333898,-1.0,0.0
1752174325.3513994,-1.0,0.0
1752174325.3729107,-1.0,0.0
1752174325.3937027,-1.0,0.0
1752174325.4131238,-1.0,0.0
1752174325.4347358,-1.0,0.0
1752174325.452994,-1.0,0.0
1752174325.471729,-1.0,0.0
1752174325.4929948,-1.0,0.0
1752174325.512946,-1.0,0.0
1752174325.533797,-1.0,0.0
1752174325.551687,-1.0,0.0
1752174325.572933,-1.0,0.0
1752174325.5940175,-1.0,0.0
1752174325.612433,-1.0,0.0
1752174325.6339157,-1.0,0.0
1752174325.651729,-1.0,0.0
1752174325.6729949,-1.0,0.0
1752174325.6936965,-1.0,0.0
1752174325.71297,-1.0,0.0
1752174325.7343762,-1.0,0.0
1752174325.7513525,-1.0,0.0
1752174325.7729113,-1.0,0.0
1752174325.7937186,-1.0,0.0
1752174325.813018,-1.0,0.0
1752174325.8357935,-1.0,0.0
1752174325.8532119,-1.0,0.0
1752174325.8718987,-1.0,0.0
1752174325.8943002,-1.0,0.0
1752174325.9118552,-1.0,0.0
1752174325.9325817,-1.0,0.0
1752174325.9513464,-1.0,0.0
1752174325.9713528,-1.0,0.0
1752174325.9922967,-1.0,0.0
1752174326.0118062,-1.0,0.0
1752174326.0319078,-1.0,0.0
1752174326.0530977,-1.0,0.0
1752174326.071915,-1.0,0.0
1752174326.0914056,-1.0,0.0
1752174326.1112306,-1.0,0.0
1752174326.1321676,-1.0,0.0
1752174326.152156,-1.0,0.0
1752174326.1710093,-1.0,0.0
1752174326.1944346,-1.0,0.0
1752174326.2124436,-1.0,0.0
1752174326.2339928,-1.0,0.0
1752174326.2513459,-1.0,0.0
1752174326.2729661,-1.0,0.0
1752174326.2937164,-1.0,0.0
1752174326.312939,-1.0,0.0
1752174326.334317,-1.0,0.0
1752174326.3513675,-1.0,0.0
1752174326.3729467,-1.0,0.0
1752174326.3938227,-1.0,0.0
1752174326.4124794,-1.0,0.0
1752174326.4347436,-1.0,0.0
1752174326.4509838,-1.0,0.0
1752174326.4729295,-1.0,0.0
1752174326.4937084,-1.0,0.0
1752174326.5130243,-1.0,0.0
1752174326.5343177,-1.0,0.0
1752174326.5514996,-1.0,0.0
1752174326.5729136,-1.0,0.0
1752174326.5936368,-1.0,0.0
1752174326.6130059,-1.0,0.0
1752174326.6359444,-1.0,0.0
1752174326.6534433,-1.0,0.0
1752174326.6742945,-1.0,0.0
1752174326.6914375,-1.0,0.0
1752174326.7125306,-1.0,0.0
1752174326.7346082,-1.0,0.0
1752174326.7529383,-1.0,0.0
1752174326.7746193,-1.0,0.0
1752174326.7913973,-1.0,0.0
1752174326.812435,-1.0,0.0
1752174326.834882,-1.0,0.0
1752174326.8529375,-1.0,0.0
1752174326.8745177,-1.0,0.0
1752174326.891573,-1.0,0.0
1752174326.9120557,-1.0,0.0
1752174326.933744,-1.0,0.0
1752174326.953611,-1.0,0.0
1752174326.9747362,-1.0,0.0
1752174326.9910119,-1.0,0.0
1752174327.0124443,-1.0,0.0
1752174327.0346477,-1.0,0.0
1752174327.0529788,-1.0,0.0
1752174327.0725503,-1.0,0.0
1752174327.092934,-1.0,0.0
1752174327.1126,-1.0,0.0
1752174327.1337924,-1.0,0.0
1752174327.1513417,-1.0,0.0
1752174327.1729982,-1.0,0.0
1752174327.193748,-1.0,0.0
1752174327.213023,-1.0,0.0
1752174327.235963,-1.0,0.0
1752174327.253256,-1.0,0.0
1752174327.2720554,-1.0,0.0
1752174327.2929437,-1.0,0.0
1752174327.3129992,-1.0,0.0
1752174327.3337264,-1.0,0.0
1752174327.3513265,-1.0,0.0
1752174327.372896,-1.0,0.0
1752174327.3937027,-1.0,0.0
1752174327.4130168,-1.0,0.0
1752174327.4359484,-1.0,0.0
1752174327.453326,-1.0,0.0
1752174327.4720855,-1.0,0.0
1752174327.4928694,-1.0,0.0
1752174327.5129673,-1.0,0.0
1752174327.5338993,-1.0,0.0
1752174327.5514054,-1.0,0.0
1752174327.5730326,-1.0,0.0
1752174327.5939474,-1.0,0.0
1752174327.6124125,-1.0,0.0
1752174327.632589,-1.0,0.0
1752174327.652647,-1.0,0.0
1752174327.6729548,-1.0,0.0
1752174327.6946456,-1.0,0.0
1752174327.7124023,-1.0,0.0
1752174327.7324433,-1.0,0.0
1752174327.7529507,-1.0,0.0
1752174327.7737374,-1.0,0.0
1752174327.7936206,-1.0,0.0
1752174327.8118134,-1.0,0.0
1752174327.8330243,-1.0,0.0
1752174327.853816,-1.0,0.0
1752174327.8736303,-1.0,0.0
1752174327.8953815,-1.0,0.0
1752174327.9115803,-1.0,0.0
1752174327.9321086,-1.0,0.0
1752174327.9516852,-1.0,0.0
1752174327.971152,-1.0,0.0
1752174327.9921086,-1.0,0.0
1752174328.012537,-1.0,0.0
1752174328.032378,-1.0,0.0
1752174328.0515308,-1.0,0.0
1752174328.073843,-1.0,0.0
1752174328.092915,-1.0,0.0
1752174328.111346,-1.0,0.0
1752174328.13096,-1.0,0.0
1752174328.1518264,-1.0,0.0
1752174328.1721969,-1.0,0.0
1752174328.1915267,-1.0,0.0
1752174328.2137573,-1.0,0.0
1752174328.235377,-1.0,0.0
1752174328.2514257,-1.0,0.0
1752174328.2728965,-1.0,0.0
1752174328.2936912,-1.0,0.0
1752174328.3129377,-1.0,0.0
1752174328.3324866,-1.0,0.0
1752174328.353141,-1.0,0.0
1752174328.3737075,-1.0,0.0
1752174328.3936317,-1.0,0.0
1752174328.4116385,-1.0,0.0
1752174328.433026,-1.0,0.0
1752174328.4537332,-1.0,0.0
1752174328.4736233,-1.0,0.0
1752174328.494333,-1.0,0.0
1752174328.5109384,-1.0,0.0
1752174328.5329044,-1.0,0.0
1752174328.553728,-1.0,0.0
1752174328.57357,-1.0,0.0
1752174328.593606,-1.0,0.0
1752174328.6109676,-1.0,0.0
1752174328.6330316,-1.0,0.0
1752174328.6538203,-1.0,0.0
1752174328.6736,-1.0,0.0
1752174328.6944964,-1.0,0.0
1752174328.7113843,-1.0,0.0
1752174328.7329195,-1.0,0.0
1752174328.7537117,-1.0,0.0
1752174328.7735794,-1.0,0.0
1752174328.7943926,-1.0,0.0
1752174328.8109374,-1.0,0.0
1752174328.8330176,-1.0,0.0
1752174328.853645,-1.0,0.0
1752174328.8736215,-1.0,0.0
1752174328.894436,-1.0,0.0
1752174328.9112585,-1.0,0.0
1752174328.9329715,-1.0,0.0
1752174328.9537523,-1.0,0.0
1752174328.9735985,-1.0,0.0
1752174328.9943197,-1.0,0.0
1752174329.0110145,-1.0,0.0
1752174329.03298,-1.0,0.0
1752174329.0536249,-1.0,0.0
1752174329.0735717,-1.0,0.0
1752174329.0953028,-1.0,0.0
1752174329.1125684,-1.0,0.0
1752174329.1329,-1.0,0.0
1752174329.1520169,-1.0,0.0
1752174329.173827,-1.0,0.0
1752174329.1935878,-1.0,0.0
1752174329.213513,-1.0,0.0
1752174329.2318397,-1.0,0.0
1752174329.2524273,-1.0,0.0
1752174329.2745137,-1.0,0.0
1752174329.2928848,-1.0,0.0
1752174329.3143146,-1.0,0.0
1752174329.331395,-1.0,0.0
1752174329.3528993,-1.0,0.0
1752174329.3737001,-1.0,0.0
1752174329.3936348,-1.0,0.0
1752174329.4119463,-1.0,0.0
1752174329.4324453,-1.0,0.0
1752174329.4536014,-1.0,0.0
1752174329.473582,-1.0,0.0
1752174329.4943616,-1.0,0.0
1752174329.51095,-1.0,0.0
1752174329.5329115,-1.0,0.0
1752174329.5537214,-1.0,0.0
1752174329.5735602,-1.0,0.0
1752174329.5943007,-1.0,0.0
1752174329.6109607,-1.0,0.0
1752174329.633099,-1.0,0.0
1752174329.6537023,-1.0,0.0
1752174329.6735916,-1.0,0.0
1752174329.6942976,-1.0,0.0
1752174329.7109988,-1.0,0.0
1752174329.7329738,-1.0,0.0
1752174329.7537286,-1.0,0.0
1752174329.773615,-1.0,0.0
1752174329.794396,-1.0,0.0
1752174329.8110027,-1.0,0.0
1752174329.8330343,-1.0,0.0
1752174329.853627,-1.0,0.0
1752174329.8737402,-1.0,0.0
1752174329.8946366,-1.0,0.0
1752174329.9118946,-1.0,0.0
1752174329.9319885,-1.0,0.0
1752174329.9516413,-1.0,0.0
1752174329.9710855,-1.0,0.0
1752174329.9912481,-1.0,0.0
1752174330.0124755,-1.0,0.0
1752174330.0321405,-1.0,0.0
1752174330.0524583,-1.0,0.0
1752174330.071518,-1.0,0.0
1752174330.0913236,-1.0,0.0
1752174330.111094,-1.0,0.0
1752174330.1324458,-1.0,0.0
1752174330.1520839,-1.0,0.0
1752174330.1720595,-1.0,0.0
1752174330.1924462,-1.0,0.0
1752174330.2129672,-1.0,0.0
1752174330.233845,-1.0,0.0
1752174330.25368,-1.0,0.0
1752174330.274361,-1.0,0.0
1752174330.2919843,-1.0,0.0
1752174330.311996,-1.0,0.0
1752174330.3329608,-1.0,0.0
1752174330.3536475,-1.0,0.0
1752174330.3735821,-1.0,0.0
1752174330.3952653,-1.0,0.0
1752174330.411352,-1.0,0.0
1752174330.4330447,-1.0,0.0
1752174330.4523938,-1.0,0.0
1752174330.4747467,-1.0,0.0
1752174330.4929903,-1.0,0.0
1752174330.5142915,-1.0,0.0
1752174330.5317552,-1.0,0.0
1752174330.5523665,-1.0,0.0
1752174330.5745091,-1.0,0.0
1752174330.5932224,-1.0,0.0
1752174330.6143515,-1.0,0.0
1752174330.6319072,-1.0,0.0
1752174330.6524706,-1.0,0.0
1752174330.6729405,-1.0,0.0
1752174330.6937256,-1.0,0.0
1752174330.7130344,-1.0,0.0
1752174330.7345061,-1.0,0.0
1752174330.75172,-1.0,0.0
1752174330.772381,-1.0,0.0
1752174330.7929406,-1.0,0.0
1752174330.812997,-1.0,0.0
1752174330.833813,-1.0,0.0
1752174330.851755,-1.0,0.0
1752174330.8729768,-1.0,0.0
1752174330.8929596,-1.0,0.0
1752174330.9130507,-1.0,0.0
1752174330.9338307,-1.0,0.0
1752174330.9517436,-1.0,0.0
1752174330.9726462,-1.0,0.0
1752174330.9946826,-1.0,0.0
1752174331.0128312,-1.0,0.0
1752174331.032675,-1.0,0.0
1752174331.05249,-1.0,0.0
1752174331.0744693,-1.0,0.0
1752174331.093606,-1.0,0.0
1752174331.11175,-1.0,0.0
1752174331.1323926,-1.0,0.0
1752174331.154974,-1.0,0.0
1752174331.1729407,-1.0,0.0
1752174331.1921425,-1.0,0.0
1752174331.2116387,-1.0,0.0
1752174331.2346563,-1.0,0.0
1752174331.253606,-1.0,0.0
1752174331.2741597,-1.0,0.0
1752174331.29141,-1.0,0.0
1752174331.3120134,-1.0,0.0
1752174331.3346343,-1.0,0.0
1752174331.3531656,-1.0,0.0
1752174331.3742867,-1.0,0.0
1752174331.3918152,-1.0,0.0
1752174331.4120724,-1.0,0.0
1752174331.4347577,-1.0,0.0
1752174331.452917,-1.0,0.0
1752174331.4724467,-1.0,0.0
1752174331.4923484,-1.0,0.0
1752174331.5130203,-1.0,0.0
1752174331.5337117,-1.0,0.0
1752174331.5536294,-1.0,0.0
1752174331.5753477,-1.0,0.0
1752174331.5911632,-1.0,0.0
1752174331.6120172,-1.0,0.0
1752174331.6333754,-1.0,0.0
1752174331.653206,-1.0,0.0
1752174331.6756604,-1.0,0.0
1752174331.6934214,-1.0,0.0
1752174331.7119699,-1.0,0.0
1752174331.7325723,-1.0,0.0
1752174331.7524848,-1.0,0.0
1752174331.7736177,-1.0,0.0
1752174331.793597,-1.0,0.0
1752174331.811762,-1.0,0.0
1752174331.8325038,-1.0,0.0
1752174331.8529434,-1.0,0.0
1752174331.8736765,-1.0,0.0
1752174331.8942044,-1.0,0.0
1752174331.9115415,-1.0,0.0
1752174331.932496,-1.0,0.0
1752174331.9512272,-1.0,0.0
1752174331.9712176,-1.0,0.0
1752174331.9921644,-1.0,0.0
1752174332.0120845,-1.0,0.0
1752174332.032134,-1.0,0.0
1752174332.053274,-1.0,0.0
1752174332.0727074,-1.0,0.0
1752174332.092202,-1.0,0.0
1752174332.1110544,-1.0,0.0
1752174332.1325262,-1.0,0.0
1752174332.1521626,-1.0,0.0
1752174332.171901,-1.0,0.0
1752174332.1926177,-1.0,0.0
1752174332.2117193,-1.0,0.0
1752174332.2337246,-1.0,0.0
1752174332.253622,-1.0,0.0
1752174332.275248,-1.0,0.0
1752174332.2911615,-1.0,0.0
1752174332.3119829,-1.0,0.0
1752174332.3346794,-1.0,0.0
1752174332.352935,-1.0,0.0
1752174332.3723788,-1.0,0.0
1752174332.3946009,-1.0,0.0
1752174332.412545,-1.0,0.0
1752174332.4325259,-1.0,0.0
1752174332.4520464,-1.0,0.0
1752174332.474489,-1.0,0.0
1752174332.4937363,-1.0,0.0
1752174332.511746,-1.0,0.0
1752174332.5323663,-1.0,0.0
1752174332.5547621,-1.0,0.0
1752174332.5729175,-1.0,0.0
1752174332.5924094,-1.0,0.0
1752174332.612465,-1.0,0.0
1752174332.6346896,-1.0,0.0
1752174332.6530952,-1.0,0.0
1752174332.6736975,-1.0,0.0
1752174332.6937137,-1.0,0.0
1752174332.7117414,-1.0,0.0
1752174332.7324011,-1.0,0.0
1752174332.7546098,-1.0,0.0
1752174332.7735715,-1.0,0.0
1752174332.7941675,-1.0,0.0
1752174332.812481,-1.0,0.0
1752174332.8323474,-1.0,0.0
1752174332.85251,-1.0,0.0
1752174332.8756385,-1.0,0.0
1752174332.8926847,-1.0,0.0
1752174332.9145746,-1.0,0.0
1752174332.9310205,-1.0,0.0
1752174332.9529564,-1.0,0.0
1752174332.9729457,-1.0,0.0
1752174332.9938297,-1.0,0.0
1752174333.0130076,-1.0,0.0
1752174333.0343418,-1.0,0.0
1752174333.0514393,-1.0,0.0
1752174333.0729527,-1.0,0.0
1752174333.0936406,-1.0,0.0
1752174333.1126177,-1.0,0.0
1752174333.1344616,-1.0,0.0
1752174333.1513524,-1.0,0.0
1752174333.1736417,-1.0,0.0
1752174333.1935923,-1.0,0.0
1752174333.2128797,-1.0,0.0
1752174333.231929,-1.0,0.0
1752174333.2546244,-1.0,0.0
1752174333.273599,-1.0,0.0
1752174333.2953663,-1.0,0.0
1752174333.31134,-1.0,0.0
1752174333.332914,-1.0,0.0
1752174333.353105,-1.0,0.0
1752174333.3737936,-1.0,0.0
1752174333.393749,-1.0,0.0
1752174333.4115744,-1.0,0.0
1752174333.4329603,-1.0,0.0
1752174333.453713,-1.0,0.0
1752174333.4735749,-1.0,0.0
1752174333.494234,-1.0,0.0
1752174333.5113566,-1.0,0.0
1752174333.532889,-1.0,0.0
1752174333.5537388,-1.0,0.0
1752174333.5738797,-1.0,0.0
1752174333.5950005,-1.0,0.0
1752174333.612386,-1.0,0.0
1752174333.6319394,-1.0,0.0
1752174333.6548967,-1.0,0.0
1752174333.6736107,-1.0,0.0
1752174333.6964133,-1.0,0.0
1752174333.7118046,-1.0,0.0
1752174333.731305,-1.0,0.0
1752174333.7511554,-1.0,0.0
1752174333.7713377,-1.0,0.0
1752174333.7912803,-1.0,0.0
1752174333.8114243,-1.0,0.0
1752174333.8315117,-1.0,0.0
1752174333.8512537,-1.0,0.0
1752174333.8716247,-1.0,0.0
1752174333.8917542,-1.0,0.0
1752174333.912013,-1.0,0.0
1752174333.9324532,-1.0,0.0
1752174333.9513192,-1.0,0.0
1752174333.9730282,-1.0,0.0
1752174333.9919434,-1.0,0.0
1752174334.0117068,-1.0,0.0
1752174334.0316942,-1.0,0.0
1752174334.051549,-1.0,0.0
1752174334.0719225,-1.0,0.0
1752174334.0925891,-1.0,0.0
1752174334.1126068,-1.0,0.0
1752174334.1314874,-1.0,0.0
1752174334.1517851,-1.0,0.0
1752174334.1715214,-1.0,0.0
1752174334.1910975,-1.0,0.0
1752174334.2112126,-1.0,0.0
1752174334.2312193,-1.0,0.0
1752174334.2511373,-1.0,0.0
1752174334.271189,-1.0,0.0
1752174334.2911584,-1.0,0.0
1752174334.3112242,-1.0,0.0
1752174334.33123,-1.0,0.0
1752174334.3512173,-1.0,0.0
1752174334.3716094,-1.0,0.0
1752174334.3912735,-1.0,0.0
1752174334.4111185,-1.0,0.0
1752174334.4316306,-1.0,0.0
1752174334.4514108,-1.0,0.0
1752174334.4714522,-1.0,0.0
1752174334.4913433,-1.0,0.0
1752174334.511289,-1.0,0.0
1752174334.5312774,-1.0,0.0
1752174334.5511937,-1.0,0.0
1752174334.5713775,-1.0,0.0
1752174334.591208,-1.0,0.0
1752174334.6114795,-1.0,0.0
1752174334.631784,-1.0,0.0
1752174334.6515121,-1.0,0.0
1752174334.671345,-1.0,0.0
1752174334.6912189,-1.0,0.0
1752174334.7114758,-1.0,0.0
1752174334.7314076,-1.0,0.0
1752174334.752542,-1.0,0.0
1752174334.771261,-1.0,0.0
1752174334.7916045,-1.0,0.0
1752174334.8114123,-1.0,0.0
1752174334.8311925,-1.0,0.0
1752174334.8513181,-1.0,0.0
1752174334.871316,-1.0,0.0
1752174334.8913548,-1.0,0.0
1752174334.9113386,-1.0,0.0
1752174334.9313605,-1.0,0.0
1752174334.9513135,-1.0,0.0
1752174334.9713376,-1.0,0.0
1752174334.991442,-1.0,0.0
1752174335.0113027,-1.0,0.0
1752174335.0312748,-1.0,0.0
1752174335.051311,-1.0,0.0
1752174335.0720336,-1.0,0.0
1752174335.0912428,-1.0,0.0
1752174335.1114907,-1.0,0.0
1752174335.1314518,-1.0,0.0
1752174335.1513672,-1.0,0.0
1752174335.171519,-1.0,0.0
1752174335.1914783,-1.0,0.0
1752174335.2138476,-1.0,0.0
1752174335.2336125,-1.0,0.0
1752174335.254782,-1.0,0.0
1752174335.2735922,-1.0,0.0
1752174335.2916973,-1.0,0.0
1752174335.311321,-1.0,0.0
1752174335.33441,0.0,0.0
1752174335.3528194,0.0,0.0
1752174335.3724296,0.0,0.0
1752174335.393684,0.0,1.0
1752174335.4120145,0.0,1.0
1752174335.434536,0.0,1.0
1752174335.4512534,0.0,1.0
1752174335.473021,0.0,1.0
1752174335.493889,0.0,2.0
1752174335.5119426,0.0,2.0
1752174335.5328586,1.0,2.0
1752174335.5536358,1.0,3.0
1752174335.573656,1.0,3.0
1752174335.5949368,2.0,3.0
1752174335.6108649,2.0,4.0
1752174335.6337366,3.0,4.0
1752174335.653734,3.0,5.0
1752174335.6758423,3.0,5.0
1752174335.6915696,4.0,5.0
1752174335.7115762,4.0,6.0
1752174335.735698,5.0,6.0
1752174335.7533174,5.0,7.0
1752174335.7719142,6.0,7.0
1752174335.793579,6.0,8.0
1752174335.8119316,7.0,8.0
1752174335.8334527,8.0,9.0
1752174335.8537316,8.0,10.0
1752174335.8749287,9.0,10.0
1752174335.892398,9.0,11.0
1752174335.9133224,10.0,11.0
1752174335.9310315,0,0
1752174335.952044,10.0,12.0
1752174335.9711576,11.0,12.0
1752174335.9925249,12.0,13.0
1752174336.0118997,12.0,14.0
1752174336.0320318,13.0,14.0
1752174336.052285,13.0,15.0
1752174336.071867,14.0,15.0
1752174336.0926967,15.0,16.0
1752174336.1118646,15.0,17.0
1752174336.1314762,16.0,17.0
1752174336.151098,17.0,18.0
1752174336.1725428,17.0,18.0
1752174336.1924942,18.0,19.0
1752174336.2112591,18.0,20.0
1752174336.2331526,19.0,20.0
1752174336.2539563,20.0,21.0
1752174336.2737982,20.0,21.0
1752174336.2945712,21.0,22.0
1752174336.311002,22.0,23.0
1752174336.3338861,22.0,23.0
1752174336.3537698,23.0,24.0
1752174336.374467,24.0,25.0
1752174336.3922284,24.0,25.0
1752174336.4132216,25.0,26.0
1752174336.4319026,25.0,26.0
1752174336.4526348,26.0,27.0
1752174336.4730244,27.0,28.0
1752174336.4940383,27.0,28.0
1752174336.5120718,28.0,29.0
1752174336.535857,28.0,29.0
1752174336.55347,29.0,30.0
1752174336.5718663,30.0,31.0
1752174336.5930727,30.0,31.0
1752174336.6120813,31.0,32.0
1752174336.634725,31.0,32.0
1752174336.651091,32.0,33.0
1752174336.6731818,33.0,34.0
1752174336.6943655,33.0,34.0
1752174336.711309,34.0,35.0
1752174336.7333317,35.0,35.0
1752174336.7540483,35.0,36.0
1752174336.7737765,36.0,37.0
1752174336.7946692,37.0,37.0
1752174336.812561,37.0,38.0
1752174336.8322527,38.0,38.0
1752174336.8526027,39.0,39.0
1752174336.8739173,39.0,40.0
1752174336.894081,40.0,40.0
1752174336.9131234,40.0,41.0
1752174336.9319348,41.0,42.0
1752174336.9525685,42.0,42.0
1752174336.974858,42.0,43.0
1752174336.9930842,43.0,44.0
1752174337.0139172,44.0,44.0
1752174337.0319567,44.0,45.0
1752174337.0527506,45.0,46.0
1752174337.074874,46.0,46.0
1752174337.0930762,46.0,47.0
1752174337.1140208,47.0,48.0
1752174337.1317782,48.0,49.0
1752174337.1550632,49.0,49.0
1752174337.173797,49.0,50.0
1752174337.19565,50.0,50.0
1752174337.2113585,51.0,51.0
1752174337.2330751,51.0,52.0
1752174337.2539225,52.0,53.0
1752174337.2738104,53.0,53.0
1752174337.2938886,53.0,54.0
1752174337.3128588,54.0,55.0
1752174337.332513,55.0,55.0
1752174337.354827,55.0,56.0
1752174337.373089,56.0,57.0
1752174337.3948462,57.0,58.0
1752174337.411122,58.0,58.0
1752174337.4339187,58.0,59.0
1752174337.453909,59.0,60.0
1752174337.4737728,60.0,60.0
1752174337.4947267,60.0,61.0
1752174337.5110455,61.0,62.0
1752174337.5337698,62.0,62.0
1752174337.553787,63.0,63.0
1752174337.5747542,63.0,64.0
1752174337.5940151,64.0,65.0
1752174337.6127262,65.0,65.0
1752174337.632499,66.0,66.0
1752174337.6548245,66.0,67.0
1752174337.6743612,67.0,67.0
1752174337.6922352,68.0,68.0
1752174337.7145317,69.0,69.0
1752174337.7355719,70.0,70.0
1752174337.753918,71.0,71.0
1752174337.772833,71.0,72.0
1752174337.795769,72.0,72.0
1752174337.8128161,73.0,73.0
1752174337.8311882,0,0
1752174337.8551683,74.0,74.0
1752174337.8725994,74.0,75.0
1752174337.892579,75.0,76.0
1752174337.912644,76.0,76.0
1752174337.9323244,77.0,77.0
1752174337.9512477,77.0,78.0
1752174337.971071,78.0,78.0
1752174337.9925857,79.0,79.0
1752174338.0120194,79.0,80.0
1752174338.0318825,80.0,80.0
1752174338.053395,81.0,81.0
1752174338.0732446,81.0,82.0
1752174338.0922155,82.0,82.0
1752174338.111226,83.0,83.0
1752174338.1325805,84.0,84.0
1752174338.1524537,84.0,84.0
1752174338.171844,85.0,85.0
1752174338.1932027,86.0,86.0
1752174338.2126646,86.0,87.0
1752174338.2324388,87.0,87.0
1752174338.2526174,88.0,88.0
1752174338.27381,88.0,89.0
1752174338.293973,89.0,89.0
1752174338.3128097,90.0,90.0
1752174338.3320928,91.0,91.0
1752174338.3549345,91.0,91.0
1752174338.3730402,92.0,92.0
1752174338.3924935,93.0,93.0
1752174338.4126925,94.0,94.0
1752174338.4338353,94.0,94.0
1752174338.4522038,95.0,95.0
1752174338.4746976,96.0,96.0
1752174338.493074,97.0,96.0
1752174338.513119,97.0,97.0
1752174338.5325673,98.0,98.0
1752174338.5547464,99.0,99.0
1752174338.571916,100.0,99.0
1752174338.5951276,100.0,100.0
1752174338.6122105,101.0,101.0
1752174338.6350124,102.0,102.0
1752174338.6534982,103.0,102.0
1752174338.6721482,104.0,103.0
1752174338.6932693,104.0,104.0
1752174338.7127156,105.0,105.0
1752174338.7324066,106.0,105.0
1752174338.7535818,106.0,106.0
1752174338.7740357,107.0,107.0
1752174338.794395,108.0,108.0
1752174338.8124099,108.0,108.0
1752174338.8326433,109.0,109.0
1752174338.8527393,110.0,110.0
1752174338.8750648,110.0,110.0
1752174338.8933032,111.0,111.0
1752174338.911518,112.0,112.0
1752174338.933257,112.0,112.0
1752174338.9537306,113.0,113.0
1752174338.9718251,114.0,114.0
1752174338.9951909,114.0,114.0
1752174339.0123167,115.0,115.0
1752174339.0326731,116.0,115.0
1752174339.0541947,116.0,116.0
1752174339.0739603,117.0,116.0
1752174339.0959568,117.0,117.0
1752174339.1118677,118.0,118.0
1752174339.133404,118.0,118.0
1752174339.1541271,119.0,119.0
1752174339.1740136,120.0,120.0
1752174339.1956854,120.0,120.0
1752174339.2115514,121.0,121.0
1752174339.2333798,122.0,122.0
1752174339.2534254,123.0,122.0
1752174339.274073,123.0,123.0
1752174339.2941256,124.0,123.0
1752174339.3128808,125.0,124.0
1752174339.3326626,125.0,125.0
1752174339.3550112,126.0,125.0
1752174339.3731883,126.0,126.0
1752174339.3963075,127.0,126.0
1752174339.4121945,128.0,127.0
1752174339.4328394,128.0,127.0
1752174339.4527335,129.0,128.0
1752174339.4750597,130.0,129.0
1752174339.4932735,131.0,130.0
1752174339.51318,131.0,130.0
1752174339.5326514,132.0,131.0
1752174339.5539782,132.0,131.0
1752174339.5739486,133.0,132.0
1752174339.5951524,134.0,132.0
1752174339.611825,134.0,133.0
1752174339.6328404,135.0,134.0
1752174339.6550252,136.0,134.0
1752174339.6733146,136.0,135.0
1752174339.6950705,137.0,136.0
1752174339.711631,138.0,136.0
1752174339.7320976,0,0
1752174339.753918,138.0,137.0
1752174339.7739353,139.0,138.0
1752174339.794751,140.0,138.0
1752174339.811776,140.0,139.0
1752174339.8332403,141.0,140.0
1752174339.854092,142.0,140.0
1752174339.873978,143.0,141.0
1752174339.8949203,143.0,142.0
1752174339.9120884,144.0,142.0
1752174339.932255,145.0,143.0
1752174339.9521194,145.0,144.0
1752174339.9714606,146.0,144.0
1752174339.9929607,147.0,145.0
1752174340.011893,147.0,146.0
1752174340.0321085,148.0,146.0
1752174340.0534062,149.0,147.0
1752174340.0736763,149.0,148.0
1752174340.0923195,150.0,148.0
1752174340.1119583,151.0,149.0
1752174340.131106,151.0,150.0
1752174340.1531787,152.0,150.0
1752174340.1723537,153.0,151.0
1752174340.1918664,153.0,152.0
1752174340.215071,154.0,152.0
1752174340.2314105,155.0,153.0
1752174340.2534857,155.0,154.0
1752174340.2740395,156.0,154.0
1752174340.2942874,157.0,155.0
1752174340.3128624,157.0,155.0
1752174340.3327181,158.0,156.0
1752174340.3534856,0.0,0.0
1752174340.373539,0.0,0.0
1752174340.3944678,1.0,0.0
1752174340.4114764,1.0,0.0
1752174340.4328582,1.0,0.0
1752174340.453707,0.0,0.0
1752174340.4734802,0.0,0.0
1752174340.4944499,0.0,0.0
1752174340.5120513,0.0,0.0
1752174340.5323284,0.0,0.0
1752174340.5543911,0.0,0.0
1752174340.5708401,0.0,0.0
1752174340.592985,0.0,0.0
1752174340.6123397,0.0,0.0
1752174340.6320567,0.0,0.0
1752174340.6525536,0.0,0.0
1752174340.6733794,0.0,0.0
1752174340.693064,0.0,0.0
1752174340.7125576,0.0,0.0
1752174340.7320142,0.0,0.0
1752174340.7523015,0.0,0.0
1752174340.7736466,0.0,0.0
1752174340.793609,0.0,0.0
1752174340.8123639,0.0,0.0
1752174340.8328137,0.0,0.0
1752174340.8519812,0.0,0.0
1752174340.8735812,0.0,0.0
1752174340.893733,0.0,0.0
1752174340.9125776,0.0,0.0
1752174340.9320695,0.0,0.0
1752174340.9524112,0.0,0.0
1752174340.9730573,0.0,0.0
1752174340.993723,0.0,0.0
1752174341.0119305,0.0,0.0
1752174341.0328395,0.0,0.0
1752174341.0537674,0.0,0.0
1752174341.0736108,0.0,0.0
1752174341.0954058,0.0,0.0
1752174341.1115074,0.0,0.0
1752174341.1329436,0.0,0.0
1752174341.1537051,0.0,0.0
1752174341.1735156,0.0,0.0
1752174341.195488,0.0,0.0
1752174341.2120478,0.0,0.0
1752174341.2324474,0.0,0.0
1752174341.254056,0.0,0.0
1752174341.2730467,0.0,0.0
1752174341.2947056,0.0,0.0
1752174341.3119824,0.0,0.0
1752174341.332287,0.0,0.0
1752174341.3544366,0.0,0.0
1752174341.3727915,0.0,0.0
1752174341.3922746,0.0,0.0
1752174341.4129245,0.0,0.0
1752174341.4354372,0.0,0.0
1752174341.4513774,0.0,0.0
1752174341.4728835,0.0,0.0
1752174341.4936035,0.0,0.0
1752174341.511949,0.0,0.0
1752174341.5328913,0.0,0.0
1752174341.5536797,0.0,0.0
1752174341.573747,0.0,0.0
1752174341.5944123,0.0,0.0
1752174341.6118393,0.0,0.0
1752174341.6311767,0,0
1752174341.6551495,0.0,0.0
1752174341.6727455,0.0,0.0
1752174341.6923378,0.0,0.0
1752174341.712798,0.0,0.0
1752174341.7323046,0.0,0.0
1752174341.7523715,0.0,0.0
1752174341.7744033,0.0,0.0
1752174341.7920465,0.0,0.0
1752174341.8135147,0.0,0.0
1752174341.832509,0.0,0.0
1752174341.8556669,0.0,0.0
1752174341.8729305,0.0,0.0
1752174341.8920805,0.0,0.0
1752174341.913566,0.0,0.0
1752174341.932048,0.0,0.0
1752174341.95137,0.0,0.0
1752174341.9708626,0.0,0.0
1752174341.9920235,0.0,0.0
1752174342.0115018,0.0,0.0
1752174342.0326867,0.0,0.0
1752174342.053446,0.0,0.0
1752174342.071786,0.0,0.0
1752174342.0922427,0.0,0.0
1752174342.1110554,0.0,0.0
1752174342.1315317,0.0,0.0
1752174342.1517172,0.0,0.0
1752174342.172259,0.0,0.0
1752174342.1939435,0.0,0.0
1752174342.211313,0.0,0.0
1752174342.2332613,0.0,0.0
1752174342.2536218,0.0,0.0
1752174342.2740989,0.0,0.0
1752174342.2919993,0.0,0.0
1752174342.313566,0.0,0.0
1752174342.3319044,0.0,0.0
1752174342.3552992,0.0,0.0
1752174342.3734105,0.0,0.0
1752174342.3924487,0.0,0.0
1752174342.4130852,0.0,0.0
1752174342.4316435,0.0,0.0
1752174342.452956,0.0,0.0
1752174342.4735336,0.0,0.0
1752174342.4935977,0.0,0.0
1752174342.512339,0.0,0.0
1752174342.5344489,0.0,0.0
1752174342.550817,0.0,0.0
1752174342.5728648,0.0,0.0
1752174342.5935996,0.0,0.0
1752174342.6118977,0.0,0.0
1752174342.6346827,0.0,0.0
1752174342.6520646,0.0,0.0
1752174342.6719224,0.0,0.0
1752174342.6945827,0.0,0.0
1752174342.7119095,0.0,0.0
1752174342.7328048,0.0,0.0
1752174342.7523136,0.0,0.0
1752174342.7743654,0.0,0.0
1752174342.7935412,0.0,0.0
1752174342.812701,0.0,0.0
1752174342.832391,0.0,0.0
1752174342.8523579,0.0,0.0
1752174342.874503,0.0,0.0
1752174342.8932595,0.0,0.0
1752174342.9130545,0.0,0.0
1752174342.932461,0.0,0.0
1752174342.954517,0.0,0.0
1752174342.9736078,0.0,0.0
1752174342.9953954,0.0,0.0
1752174343.0117683,0.0,0.0
1752174343.0323198,0.0,0.0
1752174343.0546005,0.0,0.0
1752174343.072846,0.0,0.0
1752174343.094385,0.0,0.0
1752174343.111524,0.0,0.0
1752174343.1328938,0.0,0.0
1752174343.153791,0.0,0.0
1752174343.173583,0.0,0.0
1752174343.194591,0.0,0.0
1752174343.2119098,0.0,0.0
1752174343.2328653,0.0,0.0
1752174343.2536645,0.0,0.0
1752174343.273534,0.0,0.0
1752174343.295493,0.0,0.0
1752174343.3112094,0.0,0.0
1752174343.3335161,0.0,0.0
1752174343.353726,0.0,0.0
1752174343.3744895,0.0,0.0
1752174343.394313,0.0,0.0
1752174343.4109612,0.0,0.0
1752174343.4336066,0.0,0.0
1752174343.4536235,0.0,0.0
1752174343.4751875,0.0,0.0
1752174343.4926271,0.0,0.0
1752174343.5109968,0.0,0.0
1752174343.534982,0.0,0.0
1752174343.5536191,0.0,0.0
1752174343.5757902,0.0,0.0
1752174343.5950882,0.0,0.0
1752174343.61206,0.0,0.0
1752174343.6329505,0,0
1752174343.6539176,0.0,0.0
1752174343.6737323,0.0,0.0
1752174343.6955497,0.0,0.0
1752174343.7113721,0.0,0.0
1752174343.7330585,0.0,0.0
1752174343.7538328,0.0,0.0
1752174343.7737114,0.0,0.0
1752174343.7956185,0.0,0.0
1752174343.8113515,0.0,0.0
1752174343.833045,0.0,0.0
1752174343.8539903,0.0,0.0
1752174343.873748,0.0,0.0
1752174343.894691,0.0,0.0
1752174343.911919,0.0,0.0
1752174343.9316347,0.0,0.0
1752174343.9513295,0.0,0.0
1752174343.9709775,0.0,0.0
1752174343.9912477,0.0,0.0
1752174344.0122864,0.0,0.0
1752174344.0319657,0.0,0.0
1752174344.0526965,0.0,0.0
1752174344.0720153,0.0,0.0
1752174344.091533,0.0,0.0
1752174344.1112652,0.0,0.0
1752174344.1323373,0.0,0.0
1752174344.1521,0.0,0.0
1752174344.1719391,0.0,0.0
1752174344.1928928,0.0,0.0
1752174344.21205,0.0,0.0
1752174344.2345548,0.0,0.0
1752174344.2509558,0.0,0.0
1752174344.2729173,0.0,0.0
1752174344.293645,0.0,0.0
1752174344.3124616,0.0,0.0
1752174344.3342323,0.0,0.0
1752174344.3513443,0.0,0.0
1752174344.3728712,0.0,0.0
1752174344.3940208,0.0,0.0
1752174344.412149,0.0,0.0
1752174344.434561,0.0,0.0
1752174344.4514236,0.0,0.0
1752174344.4728386,0.0,0.0
1752174344.4936182,0.0,0.0
1752174344.5123358,0.0,0.0
1752174344.5344868,0.0,0.0
1752174344.5511014,0.0,0.0
1752174344.5729468,0.0,0.0
1752174344.5928311,0.0,0.0
1752174344.6126919,0.0,0.0
1752174344.6322238,0.0,0.0
1752174344.6524289,0.0,0.0
1752174344.6728373,0.0,0.0
1752174344.6928563,0.0,0.0
1752174344.711932,0.0,0.0
1752174344.7344954,0.0,0.0
1752174344.7512171,0.0,0.0
1752174344.7744656,0.0,0.0
1752174344.792868,0.0,0.0
1752174344.8129103,0.0,0.0
1752174344.8320625,0.0,0.0
1752174344.8546674,0.0,0.0
1752174344.8728826,0.0,0.0
1752174344.892387,0.0,0.0
1752174344.911392,0.0,0.0
1752174344.9345908,0.0,0.0
1752174344.9529095,0.0,0.0
1752174344.9757404,0.0,0.0
1752174344.9933352,0.0,0.0
1752174345.0113275,0.0,0.0
1752174345.0328867,0.0,0.0
1752174345.053666,0.0,0.0
1752174345.0735252,0.0,0.0
1752174345.094456,0.0,0.0
1752174345.1110604,0.0,0.0
1752174345.1336782,0.0,0.0
1752174345.1537266,0.0,0.0
1752174345.1744957,0.0,0.0
1752174345.1936164,0.0,0.0
1752174345.2127473,0.0,0.0
1752174345.232301,0.0,0.0
1752174345.254488,0.0,0.0
1752174345.2742708,0.0,0.0
1752174345.2920105,0.0,0.0
1752174345.310975,0.0,0.0
1752174345.3309042,0.0,0.0
1752174345.3508718,0.0,0.0
1752174345.3708646,0.0,0.0
1752174345.3908775,0.0,0.0
1752174345.411599,0.0,0.0
1752174345.4331622,0.0,0.0
1752174345.453169,0.0,0.0
1752174345.4756665,0.0,0.0
1752174345.4948466,0.0,0.0
1752174345.512709,0.0,0.0
1752174345.5318494,0,0
1752174345.554658,0.0,0.0
1752174345.5723202,0.0,0.0
1752174345.5931723,0.0,0.0
1752174345.6117558,0.0,0.0
1752174345.633041,0.0,0.0
1752174345.6538343,0.0,0.0
1752174345.6737444,0.0,0.0
1752174345.6944735,0.0,0.0
1752174345.7112997,0.0,0.0
1752174345.7328904,0.0,0.0
1752174345.753899,0.0,0.0
1752174345.7739723,0.0,0.0
1752174345.794435,0.0,0.0
1752174345.8109543,0.0,0.0
1752174345.8336227,0.0,0.0
1752174345.8527942,0.0,0.0
1752174345.8755472,0.0,0.0
1752174345.8935258,0.0,0.0
1752174345.912368,0.0,0.0
1752174345.9314785,0.0,0.0
1752174345.951911,0.0,0.0
1752174345.9710467,0.0,0.0
1752174345.9923637,0.0,0.0
1752174346.0112758,0.0,0.0
1752174346.0317714,0.0,0.0
1752174346.051711,0.0,0.0
1752174346.0720773,0.0,0.0
1752174346.092339,0.0,0.0
1752174346.1112998,0.0,0.0
1752174346.1309114,0.0,0.0
1752174346.1524293,0.0,0.0
1752174346.1719542,0.0,0.0
1752174346.19126,0.0,0.0
1752174346.2129605,0.0,0.0
1752174346.2341566,0.0,0.0
1752174346.2518892,0.0,0.0
1752174346.2724845,0.0,0.0
1752174346.2947187,0.0,0.0
1752174346.3115487,0.0,0.0
1752174346.3346198,0.0,0.0
1752174346.3510795,0.0,0.0
1752174346.3728614,0.0,0.0
1752174346.393731,0.0,0.0
1752174346.411509,0.0,0.0
1752174346.43473,0.0,0.0
1752174346.4512875,0.0,0.0
1752174346.4729352,0.0,0.0
1752174346.4936218,0.0,0.0
1752174346.5116518,0.0,0.0
1752174346.5328414,0.0,0.0
1752174346.5519104,0.0,0.0
1752174346.5744953,0.0,0.0
1752174346.5935621,0.0,0.0
1752174346.6115525,0.0,0.0
1752174346.6328185,0.0,0.0
1752174346.6524632,0.0,0.0
1752174346.6724539,0.0,0.0
1752174346.6947787,0.0,0.0
1752174346.7113202,0.0,0.0
1752174346.7329218,0.0,0.0
1752174346.753721,0.0,0.0
1752174346.7734914,0.0,0.0
1752174346.7943096,0.0,0.0
1752174346.8112657,0.0,0.0
1752174346.8328602,0.0,0.0
1752174346.8535626,0.0,0.0
1752174346.87288,0.0,0.0
1752174346.8948078,0.0,0.0
1752174346.9119513,0.0,0.0
1752174346.9325154,0.0,0.0
1752174346.9528008,0.0,0.0
1752174346.9745486,0.0,0.0
1752174346.9935806,0.0,0.0
1752174347.0115793,0.0,0.0
1752174347.032884,0.0,0.0
1752174347.0536685,0.0,0.0
1752174347.0736191,0.0,0.0
1752174347.094537,0.0,0.0
1752174347.1114378,0.0,0.0
1752174347.132957,0.0,0.0
1752174347.1537337,0.0,0.0
1752174347.1735494,0.0,0.0
1752174347.1950927,0.0,0.0
1752174347.211418,0.0,0.0
1752174347.2328799,0.0,0.0
1752174347.2535,0.0,0.0
1752174347.2736244,0.0,0.0
1752174347.2952044,0.0,0.0
1752174347.3113716,0.0,0.0
1752174347.3334365,0.0,0.0
1752174347.353874,0.0,0.0
1752174347.3739576,0.0,0.0
1752174347.3955617,0.0,0.0
1752174347.412642,0.0,0.0
1752174347.4312122,0,0
1752174347.4547508,0.0,0.0
1752174347.472006,0.0,0.0
1752174347.4923334,0.0,0.0
1752174347.5116067,0.0,0.0
1752174347.5344148,0.0,0.0
1752174347.5520437,0.0,0.0
1752174347.5730605,0.0,0.0
1752174347.5937846,0.0,0.0
1752174347.61167,0.0,0.0
1752174347.6328743,0.0,0.0
1752174347.6539392,0.0,0.0
1752174347.673721,0.0,0.0
1752174347.6952713,0.0,0.0
1752174347.7113473,0.0,0.0
1752174347.7328444,0.0,0.0
1752174347.7535071,0.0,0.0
1752174347.77354,0.0,0.0
1752174347.794353,0.0,0.0
1752174347.8111749,0.0,0.0
1752174347.833076,0.0,0.0
1752174347.853759,0.0,0.0
1752174347.8736658,0.0,0.0
1752174347.895367,0.0,0.0
1752174347.9138038,0.0,0.0
1752174347.9321296,0.0,0.0
1752174347.951592,0.0,0.0
1752174347.970907,0.0,0.0
1752174347.9921093,0.0,0.0
1752174348.0114894,0.0,0.0
1752174348.0316827,0.0,0.0
1752174348.0533688,0.0,0.0
1752174348.0720935,0.0,0.0
1752174348.0923026,0.0,0.0
1752174348.11095,0.0,0.0
1752174348.1312492,0.0,0.0
1752174348.1528366,0.0,0.0
1752174348.1716685,0.0,0.0
1752174348.1948612,0.0,0.0
1752174348.211318,0.0,0.0
1752174348.2348135,0.0,0.0
1752174348.2509105,0.0,0.0
1752174348.2729545,0.0,0.0
1752174348.2936158,0.0,0.0
1752174348.311644,0.0,0.0
1752174348.3346257,0.0,0.0
1752174348.3515596,0.0,0.0
1752174348.3728979,0.0,0.0
1752174348.3937514,0.0,0.0
1752174348.4116516,0.0,0.0
1752174348.4328237,0.0,0.0
1752174348.452324,0.0,0.0
1752174348.4737694,0.0,0.0
1752174348.4936287,0.0,0.0
1752174348.5115628,0.0,0.0
1752174348.5328956,0.0,0.0
1752174348.5519142,0.0,0.0
1752174348.5743763,0.0,0.0
1752174348.593591,0.0,0.0
1752174348.612265,0.0,0.0
1752174348.6323566,0.0,0.0
1752174348.6546257,0.0,0.0
1752174348.673605,0.0,0.0
1752174348.6953106,0.0,0.0
1752174348.7113621,0.0,0.0
1752174348.73288,0.0,0.0
1752174348.7537065,0.0,0.0
1752174348.773518,0.0,0.0
1752174348.7953868,0.0,0.0
1752174348.811383,0.0,0.0
1752174348.8343422,0.0,0.0
1752174348.8531353,0.0,0.0
1752174348.8734996,0.0,0.0
1752174348.8921072,0.0,0.0
1752174348.9124851,0.0,0.0
1752174348.9335916,0.0,0.0
1752174348.9536364,0.0,0.0
1752174348.971366,0.0,0.0
1752174348.9953341,0.0,0.0
1752174349.0136302,0.0,0.0
1752174349.03237,0.0,0.0
1752174349.0525203,0.0,0.0
1752174349.0712016,0.0,0.0
1752174349.094571,0.0,0.0
1752174349.1108139,0.0,0.0
1752174349.1326985,0.0,0.0
1752174349.153731,0.0,0.0
1752174349.1735275,0.0,0.0
1752174349.1952662,0.0,0.0
1752174349.211259,0.0,0.0
1752174349.2329192,0.0,0.0
1752174349.2537036,0.0,0.0
1752174349.27366,0.0,0.0
1752174349.2956586,0.0,0.0
1752174349.3122902,0.0,0.0
1752174349.33235,0.0,0.0
1752174349.3543422,0.0,0.0
1752174349.3735218,0.0,0.0
1752174349.3918679,0.0,0.0
1752174349.4129744,0.0,0.0
1752174349.4336686,0.0,0.0
1752174349.4535842,0.0,0.0
1752174349.4753773,0.0,0.0
1752174349.4914067,0.0,0.0
1752174349.512343,0.0,0.0
1752174349.533679,0.0,0.0
1752174349.553499,0.0,0.0
1752174349.5752285,0.0,0.0
1752174349.5911133,0.0,0.0
1752174349.6123717,0.0,0.0
1752174349.6335192,0.0,0.0
1752174349.6537042,0.0,0.0
1752174349.6736767,0.0,0.0
1752174349.695135,0.0,0.0
1752174349.711318,0.0,0.0
1752174349.732825,0.0,0.0
1752174349.7534928,0.0,0.0
1752174349.773541,0.0,0.0
1752174349.793516,0.0,0.0
1752174349.8129025,0.0,0.0
1752174349.8322735,0.0,0.0
1752174349.8555157,0.0,0.0
1752174349.8728647,0.0,0.0
1752174349.8923616,0.0,0.0
1752174349.9148278,0.0,0.0
1752174349.9318614,0.0,0.0
1752174349.9519813,0.0,0.0
1752174349.9710612,0.0,0.0
1752174349.992393,0.0,0.0
1752174350.0115054,0.0,0.0
1752174350.0320365,0.0,0.0
1752174350.0520077,0.0,0.0
1752174350.0716946,0.0,0.0
1752174350.0946672,0.0,0.0
1752174350.1120553,0.0,0.0
1752174350.1312728,0.0,0.0
1752174350.1509385,0.0,0.0
1752174350.171825,0.0,0.0
1752174350.1924133,0.0,0.0
1752174350.2123947,0.0,0.0
1752174350.2314663,0.0,0.0
1752174350.2548585,0.0,0.0
1752174350.2736511,0.0,0.0
1752174350.2950728,0.0,0.0
1752174350.3113174,0.0,0.0
1752174350.3329122,0.0,0.0
1752174350.3537152,0.0,0.0
1752174350.3735201,0.0,0.0
1752174350.3952582,0.0,0.0
1752174350.4111593,0.0,0.0
1752174350.4335341,0.0,0.0
1752174350.4534984,0.0,0.0
1752174350.4736624,0.0,0.0
1752174350.4951956,0.0,0.0
1752174350.5112696,0.0,0.0
1752174350.5328166,0.0,0.0
1752174350.5536742,0.0,0.0
1752174350.573583,0.0,0.0
1752174350.5956693,0.0,0.0
1752174350.6112878,0.0,0.0
1752174350.6332257,0.0,0.0
1752174350.6535585,0.0,0.0
1752174350.6737208,0.0,0.0
1752174350.6918628,0.0,0.0
1752174350.7156243,0.0,0.0
1752174350.7333217,0.0,0.0
1752174350.751999,0.0,0.0
1752174350.772807,0.0,0.0
1752174350.7935038,0.0,0.0
1752174350.8128843,0.0,0.0
1752174350.8330567,0.0,0.0
1752174350.8544223,0.0,0.0
1752174350.873525,0.0,0.0
1752174350.8956397,0.0,0.0
1752174350.9126337,0.0,0.0
1752174350.9323204,0.0,0.0
1752174350.9544232,0.0,0.0
1752174350.9738476,0.0,0.0
1752174350.9949107,0.0,0.0
1752174351.0113094,0.0,0.0
1752174351.0328424,0.0,0.0
1752174351.0535324,0.0,0.0
1752174351.0736144,0.0,0.0
1752174351.0952623,0.0,0.0
1752174351.1112783,0.0,0.0
1752174351.1330316,0.0,0.0
1752174351.1538188,0.0,0.0
1752174351.1736157,0.0,0.0
1752174351.195588,0.0,0.0
1752174351.2112458,0.0,0.0
1752174351.2328038,0.0,0.0
1752174351.2534764,0.0,0.0
1752174351.273627,0.0,0.0
1752174351.29434,0.0,0.0
1752174351.3124356,0.0,0.0
1752174351.3328571,0.0,0.0
1752174351.353683,0.0,0.0
1752174351.373712,0.0,0.0
1752174351.3954887,0.0,0.0
1752174351.4111195,0.0,0.0
1752174351.4336593,0.0,0.0
1752174351.4535081,0.0,0.0
1752174351.475867,0.0,0.0
1752174351.4932446,0.0,0.0
1752174351.5111587,0.0,0.0
1752174351.532818,0.0,0.0
1752174351.5536573,0.0,0.0
1752174351.573534,0.0,0.0
1752174351.5953677,0.0,0.0
1752174351.6113045,0.0,0.0
1752174351.6328106,0.0,0.0
1752174351.6537411,0.0,0.0
1752174351.6736581,0.0,0.0
1752174351.6952786,0.0,0.0
1752174351.71125,0.0,0.0
1752174351.7329695,0.0,0.0
1752174351.753479,0.0,0.0
1752174351.7734897,0.0,0.0
1752174351.7943833,0.0,0.0
1752174351.8129852,0.0,0.0
1752174351.8323514,0.0,0.0
1752174351.8543575,0.0,0.0
1752174351.873661,0.0,0.0
1752174351.8954124,0.0,0.0
1752174351.9134579,0.0,0.0
1752174351.9322321,0.0,0.0
1752174351.9520512,0.0,0.0
1752174351.9710066,0.0,0.0
1752174351.991379,0.0,0.0
1752174352.0128427,0.0,0.0
1752174352.032037,0.0,0.0
1752174352.0519917,0.0,0.0
1752174352.071715,0.0,0.0
1752174352.092335,0.0,0.0
1752174352.1112783,0.0,0.0
1752174352.131185,0.0,0.0
1752174352.151509,0.0,0.0
1752174352.1722286,0.0,0.0
1752174352.1936092,0.0,0.0
1752174352.211428,0.0,0.0
1752174352.232906,0.0,0.0
1752174352.2535589,0.0,0.0
1752174352.2737985,0.0,0.0
1752174352.2935352,0.0,0.0
1752174352.3117404,0.0,0.0
1752174352.3328273,0.0,0.0
1752174352.3536506,0.0,0.0
1752174352.3735318,0.0,0.0
1752174352.3951695,0.0,0.0
1752174352.4112546,0.0,0.0
1752174352.4328654,0.0,0.0
1752174352.4536242,0.0,0.0
1752174352.4737139,0.0,0.0
1752174352.4938538,0.0,0.0
1752174352.5117488,0.0,0.0
1752174352.5328481,0.0,0.0
1752174352.5536933,0.0,0.0
1752174352.5735464,0.0,0.0
1752174352.5954258,0.0,0.0
1752174352.6112983,0.0,0.0
1752174352.632804,0.0,0.0
1752174352.6537519,0.0,0.0
1752174352.6737099,0.0,0.0
1752174352.6950903,0.0,0.0
1752174352.7112908,0.0,0.0
1752174352.7328658,0.0,0.0
1752174352.7536535,0.0,0.0
1752174352.7734835,0.0,0.0
1752174352.7943647,0.0,0.0
1752174352.8116162,0.0,0.0
1752174352.8328624,0.0,0.0
1752174352.8537,0.0,0.0
1752174352.8736026,0.0,0.0
1752174352.894455,0.0,0.0
1752174352.9130294,0.0,0.0
1752174352.931971,0.0,0.0
1752174352.9529276,0.0,0.0
1752174352.9736583,0.0,0.0
1752174352.9935005,0.0,0.0
1752174353.0136445,0.0,0.0
1752174353.0324814,0.0,0.0
1752174353.0516572,0.0,0.0
1752174353.0720267,0.0,0.0
1752174353.0918114,0.0,0.0
1752174353.1110692,0.0,0.0
1752174353.13175,0.0,0.0
1752174353.1510758,0.0,0.0
1752174353.17125,0.0,0.0
1752174353.1910439,0.0,0.0
1752174353.2111049,0.0,0.0
1752174353.2308471,0.0,0.0
1752174353.2511094,0.0,0.0
1752174353.2709851,0.0,0.0
1752174353.2915673,0.0,0.0
1752174353.3111806,0.0,0.0
1752174353.3310702,0.0,0.0
1752174353.3511124,0.0,0.0
1752174353.373073,0.0,0.0
1752174353.3919158,0.0,0.0
1752174353.4118154,0.0,0.0
1752174353.4315886,0.0,0.0
1752174353.4519527,0.0,0.0
1752174353.4721024,0.0,0.0
1752174353.4915047,0.0,0.0
1752174353.5113878,0.0,0.0
1752174353.5314357,0.0,0.0
1752174353.5512564,0.0,0.0
1752174353.571255,0.0,0.0
1752174353.5915673,0.0,0.0
1752174353.6158354,0.0,0.0
1752174353.6317916,0.0,0.0
1752174353.6514885,0.0,0.0
1752174353.6728294,0.0,0.0
1752174353.6920855,0.0,0.0
1752174353.71209,0.0,0.0
1752174353.7322092,0.0,0.0
1752174353.7540417,0.0,0.0
1752174353.77531,0.0,0.0
1752174353.7914171,0.0,0.0
1752174353.8140109,0.0,0.0
1752174353.831917,0.0,0.0
1752174353.8521535,0.0,0.0
1752174353.8722627,0.0,0.0
1752174353.8915322,0.0,0.0
1752174353.9131227,0.0,0.0
1752174353.94343,0.0,0.0
1752174353.9525192,0.0,0.0
1752174353.972603,0.0,0.0
1752174353.9920857,0.0,0.0
1752174354.012733,0.0,0.0
1752174354.0319607,0.0,0.0
1752174354.0565825,0.0,0.0
1752174354.0739632,0.0,0.0
1752174354.0924218,0.0,0.0
1752174354.1132393,0.0,0.0
1752174354.1337132,0.0,0.0
1752174354.1516972,0.0,0.0
1752174354.17304,0.0,0.0
1752174354.1923437,0.0,0.0
1752174354.2119002,0.0,0.0
1752174354.2316322,0.0,0.0
1752174354.25157,0.0,0.0
1752174354.2716146,0.0,0.0
1752174354.2915576,0.0,0.0
1752174354.3115914,0.0,0.0
1752174354.331535,0.0,0.0
1752174354.351551,0.0,0.0
1752174354.3718386,0.0,0.0
1752174354.391532,0.0,0.0
1752174354.411592,0.0,0.0
1752174354.4316423,0.0,0.0
1752174354.4515564,0.0,0.0
1752174354.471574,0.0,0.0
1752174354.491631,0.0,0.0
1752174354.5115137,0.0,0.0
1752174354.5315347,0.0,0.0
1752174354.551561,0.0,0.0
1752174354.571524,0.0,0.0
1752174354.5915384,0.0,0.0
1752174354.6115222,0.0,0.0
1752174354.6315608,0.0,0.0
1752174354.651587,0.0,0.0
1752174354.671643,0.0,0.0
1752174354.691581,0.0,0.0
1752174354.7115436,0.0,0.0
1752174354.7314994,0.0,0.0
1752174354.7571018,0.0,0.0
1752174354.7719975,0.0,0.0
1752174354.7915146,0.0,0.0
1752174354.8115563,0.0,0.0
1752174354.8315554,0.0,0.0
1752174354.8515313,0.0,0.0
1752174354.8716183,0.0,0.0
1752174354.8915215,0.0,0.0
1752174354.9116902,0.0,0.0
1752174354.9316194,0.0,0.0
1752174354.951472,0.0,0.0
1752174354.972032,0.0,0.0
1752174354.992352,0.0,0.0
1752174355.0129604,0.0,0.0
1752174355.0330732,0.0,0.0
1752174355.053065,0.0,0.0
1752174355.0712876,0.0,0.0
1752174355.0918748,0.0,0.0
1752174355.111171,0.0,0.0
1752174355.1320887,0.0,0.0
1752174355.1584263,0.0,0.0
1752174355.1729543,0.0,0.0
1752174355.1926827,0.0,0.0
1752174355.2123804,0.0,0.0
1752174355.233687,0.0,0.0
1752174355.2535596,0.0,0.0
